1722 2846
186 190 265 229 130
714 185 798 210 KAP.
822 185 863 209 VI
886 188 944 210 zur
966 183 1104 219 syntax:

241 298 350 335 1383
381 294 543 333 Valeria
582 294 736 332 Mamia
771 291 777 346 Ι
814 293 858 333 C.
890 293 1020 333 Gellio
1057 294 1191 332 Prisco
1231 300 1349 332 veter.
1388 290 1392 346 Ι
1428 295 1512 333 viro
1551 306 1627 334 suo

149 351 287 394 sbene
320 364 372 389 m.
403 352 428 389 f.
465 347 470 403 Ι
507 356 547 390 et
577 351 650 389 sibi
680 357 720 389 et
748 351 812 389 lib.
844 351 924 389 suis
956 348 971 404 ΙΙ
1007 349 1283 403 [po]stersque
1313 363 1487 389 aeorum.
1516 348 1521 405 Ι
1547 352 1628 391 hoc

181 408 477 447 monimentum
509 408 648 446 heredi
675 408 680 459 Ι
707 420 791 446 non
821 408 999 458 sequitur

241 469 351 506 1384
382 466 419 502 d.
451 478 502 503 m.
540 462 544 517 Ι
579 465 818 515 Sempronio
848 465 1014 503 Donato
1045 465 1196 503 homin.
1224 461 1229 518 Ι
1256 464 1528 515 frugalissimo,
1559 466 1629 516 qui

149 537 164 564 5
181 522 278 559 vixit
303 518 429 575 anlnis
451 522 566 559 LXV
595 534 721 560 mens.
756 522 820 560 III
852 522 938 560 dies
957 522 996 559 V
1026 522 1111 560 hor.
1132 522 1225 559 VII.
1249 518 1264 575 ΙΙ
1286 522 1395 560 cuius
1416 522 1628 572 frugalitati

181 578 299 618 heres
329 575 536 632 malximas
566 579 710 629 gratias
740 584 842 629 aget,
872 579 1044 628 amplius
1074 575 1255 632 merelnti
1275 579 1391 617 heres
1411 579 1628 617 honorabit

242 640 351 676 1385
382 636 600 674 memoriae
626 635 632 689 Ι
660 635 854 674 Caniniae
875 632 1118 689 Octalvenae
1138 631 1370 689 rarissilmae
1399 636 1583 674 feminae.
1609 633 1627 690 ΙΙ

149 708 164 735 5
182 699 261 743 pat.
294 691 471 744 dol(ens)
502 693 611 731 casui
640 691 817 744 pos(uit).
846 689 851 746 Ι
878 705 913 730 ν.
945 705 979 730 a.
1011 692 1177 730 XXVII
1208 705 1259 730 m.
1291 692 1366 731 ΙΙΙ.
1397 693 1436 730 h.
1466 705 1495 731 s.
1527 705 1560 731 e.

243 753 390 790 1385a
419 745 495 788 diis
525 749 672 787 manib.
712 746 716 801 Ι
753 749 906 788 Camill.
937 749 1193 800 Augustillae‚
1221 746 1226 803 Ι
1253 761 1358 799 quae
1387 745 1487 787 vixit
1515 750 1630 788 annis

149 821 164 848 5
183 806 306 844 XXX
343 803 348 858 Ι
384 806 488 844 dieb.
519 806 569 852 V,
615 807 667 844 de
707 818 789 856 qua
826 818 947 844 nemo
980 807 995 859 ΙΙ
1026 819 1190 844 suorum
1230 818 1424 856 umquam
1459 805 1466 856 Ι
1502 807 1631 845 doluit

182 863 258 901 nisi
297 869 479 901 mortem.
519 860 524 916 Ι
560 863 729 902 Silenius
761 863 938 914 Reginus
966 860 971 915 Ι
997 864 1118 902 frater
1147 863 1272 901 sorori
1299 860 1304 916 Ι
1330 863 1560 902 karissimae
1591 869 1633 902 et

134 937 166 955 10
183 921 258 959 sub
279 917 296 972 ΙΙ
317 920 424 958 ascia
453 920 655 958 dedicavit

243 981 352 1017 1386
383 977 544 1015 Amatia
575 977 618 1015 L.
649 978 671 1015 l.
704 977 864 1015 Calliste
903 977 970 1027 pia
1006 973 1011 1028 Ι
1046 977 1086 1023 it,
1126 982 1170 1015 ut
1216 989 1238 1014 e
1267 977 1395 1027 patria
1426 973 1527 1016 exit:
1568 973 1631 1015 sui

183 1056 274 1083 eam
311 1041 316 1096 Ι
354 1051 650 1095 exsuperarunt.
696 1051 823 1084 mater
859 1042 864 1098 Ι
902 1045 1075 1096 Bathylli
1106 1033 1285 1084 Caesaris
1320 1043 1466 1097 ser(vi)‚
1510 1045 1578 1096 qui
1611 1041 1629 1099 ΙΙ

151 1118 165 1145 5
183 1101 367 1152 proxime
397 1114 563 1140 manum
594 1102 775 1141 Caesaris
807 1108 866 1141 est

243 1163 350 1200 1387
384 1159 588 1198 Fortunae
624 1156 629 1212 Ι
665 1159 817 1209 primig.
856 1157 861 1212 Ι
899 1159 955 1198 Μ.
988 1159 1131 1209 Ulpius
1167 1159 1309 1206 Strato,
1337 1156 1342 1212 Ι
1370 1159 1577 1209 Eutychia,
1611 1155 1629 1212 ΙΙ

151 1233 165 1259 5
185 1215 415 1262 Maximilla,
443 1213 448 1269 Ι
477 1216 678 1254 Maximus
706 1217 710 1264 Ι
737 1222 835 1254 voto
865 1222 1062 1267 conpotes
1089 1213 1095 1269 Ι
1122 1217 1159 1255 d.
1192 1217 1229 1255 d.

244 1277 352 1313 1388
375 1274 412 1311 d.
433 1286 484 1310 m.
505 1270 509 1327 Ι
528 1273 679 1312 Fabiae
699 1269 888 1324 Pyrallidi
910 1274 1086 1324 optimae
1104 1269 1108 1326 Ι
1129 1279 1167 1311 et
1188 1279 1351 1312 sanctae
1371 1270 1598 1324 patron(ae)
1623 1268 1630 1326 Ι

184 1330 236 1368 de
266 1342 310 1368 se
339 1331 445 1368 bene
474 1328 672 1382 merit(ae)
695 1326 711 1383 ΙΙ
732 1330 967 1368 Artemisius
995 1330 1170 1369 libertus.
1205 1327 1209 1383 Ι
1364 1375 1369 1377 ‚
1472 1374 1474 1376 ,

266 1399 290 1423 α
320 1392 555 1425 cunctorum
584 1387 686 1425 haec
715 1387 845 1425 suboli
874 1388 1015 1425 sedem
1042 1383 1048 1438 Ι
1074 1393 1167 1437 post
1195 1392 1324 1425 morte
1348 1387 1516 1437 reliquit,

378 1449 472 1482 ante
499 1442 504 1495 Ι
530 1450 667 1482 tamen
696 1449 804 1490 nato,
835 1439 1008 1494 coniuge
1039 1450 1079 1482 et
1108 1449 1203 1482 ante
1233 1456 1318 1482 suo.
1346 1441 1351 1497 Ι

321 1501 505 1539 nondum
535 1512 676 1539 secura
706 1501 804 1538 dum
833 1501 904 1539 flet
933 1497 1219 1554 maesyltissima
1249 1506 1394 1547 mente,

322 1557 467 1595 occidit
498 1562 537 1595 et
563 1554 568 1610 Ι
595 1558 724 1596 tristes
754 1558 915 1608 decepit
944 1565 1099 1596 maesta
1127 1558 1316 1596 fovendo.
1344 1554 1350 1608 Ι

151 1634 165 1657 5
320 1620 381 1652 set
410 1627 485 1653 nos
514 1614 654 1653 soliciti
684 1626 964 1664 memoresque
990 1612 996 1667 Ι
1021 1615 1197 1665 parentis
1228 1626 1366 1653 amore

378 1677 546 1709 matrem
573 1669 578 1724 Ι
605 1684 698 1710 cum
727 1677 824 1710 nato
855 1671 1027 1722 coniuge
1057 1683 1231 1721 cumque
1261 1682 1333 1710 suo
1353 1667 1368 1719 ΙΙ

322 1740 482 1767 securos
513 1728 678 1767 colimus
708 1740 908 1767 memores
939 1729 992 1767 de
1019 1725 1024 1780 Ι
1049 1728 1215 1766 nomine
1244 1733 1394 1774 nostro,

322 1791 361 1824 et
390 1786 509 1823 faciet
536 1782 540 1838 Ι
578 1785 599 1822 b
629 1786 788 1823 suboles
818 1786 964 1824 multos
994 1791 1217 1823 memorata
1246 1797 1319 1835 per
1347 1796 1476 1823 annos
1503 1781 1510 1837 Ι

321 1854 433 1880 sacra
462 1837 549 1880 deis
579 1843 839 1892 patribusque
867 1842 958 1888 suis,
986 1839 991 1895 Ι
1018 1854 1257 1892 memoresq.
1288 1841 1464 1892 priorum

321 1905 362 1937 et
390 1895 613 1952 memossres
642 1899 768 1937 nostri
797 1904 1064 1949 nostrorumq.
1095 1899 1175 1937 alta
1201 1895 1206 1951 Ι
1232 1910 1413 1949 propago

321 1961 486 1994 aeterno
516 1961 676 1994 servent
702 1952 707 2007 Ι
734 1967 893 2006 semper
921 1956 1183 1994 memorabile
1214 1967 1374 1994 nomen.
1404 1952 1408 2007 Ι

321 2008 502 2063 quisquis
534 2025 576 2051 es
606 2018 675 2051 aut
705 2012 800 2050 olim
829 2018 965 2050 nostra
995 2013 1047 2050 de
1074 2009 1080 2065 Ι
1105 2012 1227 2062 stirpe
1260 2013 1421 2058 futurus,

378 2069 433 2108 sis
463 2081 619 2108 memor
637 2067 652 2119 ΙΙ
676 2065 831 2119 antiqui
861 2069 1036 2107 nominis
1066 2075 1106 2107 et
1135 2069 1247 2114 tituli,

376 2125 420 2164 in
447 2123 452 2179 Ι
480 2138 651 2176 quorum
680 2126 793 2164 titulo
823 2126 889 2164 hic
918 2126 1034 2164 datur
1064 2137 1152 2164 esse
1179 2122 1184 2178 Ι
1210 2125 1331 2171 locus,

137 2200 166 2224 15
379 2189 419 2221 et
448 2183 592 2221 domus
622 2188 811 2222 aeternae
837 2180 842 2236 Ι
869 2188 912 2220 tu
941 2188 1078 2221 tueare
1104 2183 1217 2220 focos

189 2297 275 2332 1383
300 2294 377 2326 CIL
401 2295 441 2325 X
465 2294 555 2336 3659
581 2295 776 2335 (Misenum)
846 2297 934 2333 1384
958 2294 1035 2327 CIL
1059 2294 1113 2326 VI
1139 2293 1249 2335 26158
1323 2297 1411 2332 1385
1435 2293 1512 2326 CIL
1536 2294 1628 2326 VIII

187 2346 271 2380 7271
300 2339 414 2380 (Cirta)
464 2347 482 2381 5
508 2339 573 2382 vgl.
599 2339 677 2372 CIL
700 2340 791 2372 VIII
816 2347 902 2382 5οο1
1024 2342 1139 2377 13853.
1167 2339 1245 2371 CIL
1270 2339 1365 2371 XIII
1390 2338 1477 2379 2087
1501 2337 1626 2382 (Lyon)

187 2387 276 2423 1386
300 2385 377 2417 CIL
401 2385 455 2417 VI
479 2384 566 2427 8885
610 2393 622 2416 1
651 2388 702 2417 ita
724 2386 791 2417 ut?
815 2386 898 2417 oder
920 2383 1154 2417 z·t=*decessit
1217 2387 1304 2422 1387
1328 2384 1406 2417 CIL
1421 2384 1516 2416 XIV
1538 2383 1623 2424 2871

187 2430 394 2471 (Praeneste)
434 2437 450 2470 7
476 2430 543 2472 vgl.
567 2430 645 2463 CIL
660 2431 719 2462 IX
732 2438 799 2472 339
822 2434 1000 2463 contentus
1022 2431 1185 2462 honorem
1235 2432 1323 2468 1388
1346 2429 1424 2463 CIL
1439 2430 1494 2462 VI
1518 2429 1628 2470 17622

186 2476 247 2509 CE
275 2475 360 2507 1216
396 2474 565 2508 iiberschr.
596 2475 661 2518 vgl.
687 2475 748 2508 CE
776 2483 860 2518 1215
886 2476 941 2508 ein
964 2475 1147 2518 epigramm
1172 2475 1231 2507 der
1254 2475 1396 2518 Pyrallis
1445 2483 1463 2506 2
1488 2477 1631 2519 coniugi

186 2531 207 2563 4
242 2520 388 2554 namlich
419 2525 528 2554 morte
560 2532 635 2554 sua.
675 2521 740 2563 vgl.
777 2521 855 2554 CIL
889 2522 943 2554 VI
981 2520 1101 2563 27805.
1143 2527 1251 2563 29195
1291 2518 1443 2564 (Bueeh.)
1506 2527 1523 2560 7
1559 2519 1625 2562 vgl.

186 2567 247 2599 CE
267 2573 353 2608 1519
370 2578 499 2599 memor
515 2568 575 2599 hoc
590 2573 733 2599 munere
750 2571 867 2599 nostro
899 2567 918 2599 8
937 2565 1154 2613 μεμνημένη,
1173 2566 1237 2598 wie
1258 2565 1319 2598 CE
1341 2565 1417 2608 596,
1439 2572 1457 2606 7
1477 2565 1548 2598 und
1565 2565 1628 2598 (ΣΕ

188 2619 264 2653 713,
284 2619 301 2654 5
319 2623 510 2645 memorare
527 2626 571 2640 =
588 2617 752 2645 memento
803 2620 840 2644 11
859 2612 923 2654 vgl.
948 2612 1052 2654 Verg.
1070 2613 1157 2644 Aen.
1179 2619 1210 2650 2,
1236 2611 1299 2653 583
1348 2619 1389 2652 14
1415 2621 1441 2643 s.
1459 2610 1519 2643 CE
1539 2617 1623 2652 1173

187 2659 258 2698 (nro
277 2656 377 2700 1166)
402 2666 420 2689 2
452 2658 523 2690 und
553 2668 629 2691 zum
661 2657 733 2690 hiat
764 2658 811 2689 Di
841 2667 867 2689 s.
897 2664 957 2699 152
1003 2664 1041 2700 15
1067 2662 1289 2699 aeternaeque
1311 2658 1430 2689 domus
1453 2655 1630 2688 Fabricius
