1722 2846
179 124 232 175 56
518 132 603 157 KAP.
627 132 656 155 11
680 135 738 156 zur
760 124 923 156 Iautlehre
946 118 1007 156 de'r
1030 131 1279 157 consonanten:

349 238 495 276 Lucius
527 250 602 288 ego
633 238 808 276 coniunx
838 238 903 276 hic
932 244 972 276 te
1002 251 1201 278 marmore
1230 242 1322 279 texi.
1351 237 1355 293 Ι

228 327 280 333 a-
350 295 439 333 Anc
468 295 585 333 nobis
615 301 721 335 sorte
751 295 864 332 dedit
893 296 989 342 fatu,
1021 309 1112 334 cum
1143 297 1220 335 luci
1250 299 1437 335 daremur
1462 294 1468 350 Ι

236 355 320 393 631
348 352 413 390 hic
445 358 504 390 est
532 352 685 401 positus
716 351 771 389 Fl.
804 348 990 406 Herlmes
1021 365 1141 403 quem
1172 354 1293 393 Fatus
1323 355 1477 405 longius
1513 351 1520 407 Ι
1546 355 1622 392 du-

1309 424 1399 450 cere
1428 411 1564 457 noluit,

235 465 303 515 qui
342 465 480 503 maluit
519 462 680 518 lucltum
718 465 899 516 linquere
938 478 1061 516 quam
1099 468 1242 517 gratias
1274 465 1289 522 ΙΙ
1320 469 1491 507 reddere
1530 468 1621 515 suis,

235 522 388 561 derisor
427 518 571 575 aviaefls
611 522 705 573 quia
744 534 787 560 se
827 522 986 561 dicebat
1017 524 1166 562 nutrire
1202 525 1206 572 Ι
1242 525 1482 563 bacchillum
1512 537 1621 563 sum-

1231 594 1322 620 mae
1353 578 1564 635 senecltae‚

235 636 378 674 delusit
411 637 572 674 fratrem
601 635 722 686 patris
754 636 848 686 quia
885 635 891 688 Ι
927 637 1071 675 nimius
1103 644 1186 676 erat
1215 639 1387 677 blandus
1418 640 1471 676 ad
1501 639 1620 685 illum,

233 688 471 746 avimumque
500 705 618 730 suum
647 693 876 731 adlectabat
906 705 1005 732 voce
1031 692 1036 747 Ι
1065 695 1216 744 pusilla,

234 755 279 787 ut
309 750 441 787 cuncti
470 750 587 787 vicini
617 750 806 788 dicebant
833 747 838 802 Ι
865 746 904 788 ‘0
936 751 1054 789 dulce
1089 748 1209 789 Titu’.

234 807 343 844 dunc
382 807 484 844 haec
522 803 756 860 agerentu{r‚
796 807 959 846 iuvenes
996 809 1049 846 de
1080 809 1211 846 subito
1242 812 1485 859 acceperunt
1518 807 1524 860 Ι
1561 809 1621 847 sui

1226 866 1333 903 luctu
1362 871 1562 916 parentes.

234 920 299 958 hic
323 926 461 958 tamen
483 917 498 973 ΙΙ
519 920 561 958 in
581 920 744 958 biennio
765 920 861 958 vixit
881 921 995 970 quasi
1018 922 1086 971 qui
1107 919 1279 975 vixisslet
1299 923 1475 961 sedecim
1495 922 1621 968 annis,

234 977 321 1015 talis
363 977 470 1015 enim
507 974 511 1029 Ι
547 990 686 1016 sensus
727 983 811 1016 erat
851 978 904 1015 illi
935 979 1049 1028 quasi
1080 976 1343 1032 propelrantis
1373 980 1427 1017 ad
1459 978 1619 1018 Orcum.

234 1034 371 1084 itaque
398 1030 403 1086 Ι
430 1034 500 1071 tibi
531 1034 633 1080 dico,
666 1035 734 1084 qui
764 1035 893 1073 nescis
925 1036 1042 1073 dulce
1064 1033 1079 1088 ΙΙ
1101 1049 1201 1075 voce
1232 1037 1365 1075 dicere
1394 1036 1472 1082 filii,

291 1103 344 1129 ne
374 1091 483 1129 vellis
510 1089 514 1144 Ι
542 1091 712 1141 cupidus
743 1103 876 1141 poene
906 1104 1071 1131 manere
1098 1091 1102 1139 Ι
1130 1094 1236 1131 male

236 1151 317 1188 632
349 1149 387 1185 d.
419 1161 470 1186 m.
498 1147 503 1199 Ι

292 1205 402 1243 disce
432 1205 602 1255 quisque
631 1205 720 1255 pius
751 1210 865 1255 pater
895 1218 936 1244 es
966 1206 1028 1243 vel
1056 1203 1061 1258 Ι
1088 1212 1215 1244 mater
1244 1219 1323 1257 que
1343 1207 1563 1257 generasti:
1600 1214 1603 1218 '

291 1267 409 1300 natos
436 1258 440 1314 Ι
467 1262 617 1300 habere
647 1263 758 1299 bonu
789 1267 859 1308 est,
889 1263 921 1301 si
951 1275 1035 1301 non
1066 1263 1143 1301 sint
1165 1260 1179 1316 ΙΙ
1201 1264 1337 1301 invida
1366 1264 1458 1302 fata.

291 1318 346 1356 sic
376 1319 447 1356 tibi
476 1331 560 1357 non
590 1315 730 1372 ralpiat
759 1331 866 1357 mors
896 1320 1034 1357 invida
1054 1326 1137 1358 tam
1163 1321 1241 1358 cito
1270 1318 1274 1372 Ι
1300 1326 1427 1366 natos,

290 1381 334 1413 ut
363 1376 462 1414 meis
492 1382 615 1426 atque
644 1376 720 1414 tuis
747 1372 752 1427 Ι
779 1376 908 1426 dignis
939 1377 1026 1414 leve
1057 1382 1160 1415 terra
1186 1378 1369 1427 preceris,
1397 1375 1402 1430 Ι

291 1438 335 1470 ut
365 1444 473 1470 mors
503 1433 544 1470 in
574 1433 727 1470 voltum
757 1433 863 1470 vivat
884 1429 898 1486 ΙΙ
921 1445 1160 1484 semperque
1195 1435 1355 1472 colatur.

348 1489 485 1528 Aelius
516 1490 770 1528 Marcellinus
799 1495 913 1539 pater
939 1489 943 1542 Ι
970 1490 1052 1528 filio
1083 1491 1328 1529 Felicissimo

290 1546 369 1584 hoc
400 1558 474 1596 ego
504 1547 580 1584 feci
610 1547 726 1592 bene,
757 1546 789 1584 si
820 1547 917 1597 quid
947 1548 1107 1597 sapiunt
1134 1545 1138 1600 Ι
1165 1548 1280 1586 inferi

177 1603 245 1652 qui
270 1603 372 1653 *vixit
403 1604 517 1641 annis
547 1603 587 1640 X
617 1615 775 1641 menses
805 1603 843 1640 V
871 1601 875 1655 Ι
903 1603 989 1642 dies
1020 1604 1082 1642 XI

216 1658 316 1700 «1633
347 1660 441 1698 vivit
468 1660 472 1709 Ι
500 1660 550 1709 Q.
582 1660 740 1699 Caelius
770 1660 836 1710 Sp.
867 1661 892 1698 f.
923 1659 1095 1712 Vivi(us)
1123 1657 1129 1714 Ι
1155 1661 1391 1699 architectus
1422 1662 1583 1707 navalis,
1610 1658 1615 1714 Ι

178 1717 273 1754 vivit
293 1713 311 1769 ΙΙ
331 1729 433 1755 uxor
464 1718 648 1756 Camidia
678 1717 734 1755 M.
765 1718 787 1755 l.
817 1714 821 1771 Ι
849 1718 1092 1768 Aprhodisia
1120 1716 1124 1771 Ι

381 1775 531 1824 hospes
560 1775 698 1813 resiste
729 1780 768 1812 et
798 1774 872 1812 nisi
902 1771 1131 1827 myolestust‚
1163 1775 1330 1825 perlege.

380 1832 463 1869 noli
491 1828 495 1884 Ι
522 1837 755 1869 stomacare.
795 1832 961 1878 suadeo,
985 1829 999 1884 ΙΙ
1022 1833 1181 1870 caldum
1211 1833 1334 1870 bibas.

931 1885 1202 1943 moriulndust.
1248 1890 1336 1926 vale

175 2104 238 2139 ⁶³¹
263 2101 341 2133 CIL
361 2102 416 2133 VI
437 2101 545 2134 18086
572 2101 632 2134 CE
654 2102 735 2144 1581
755 2112 812 2134 zur
830 2101 968 2144 sprache
993 2101 1057 2144 vgl.
1075 2101 1199 2133 Buech.
1226 2101 1286 2134 CE
1299 2108 1363 2143 477
1408 2109 1427 2142 3
1445 2104 1616 2134 bacillum.

175 2146 240 2188 vgl.
266 2146 327 2179 CE
345 2146 422 2189 526,
447 2156 467 2188 9
491 2148 561 2179 und
579 2147 682 2179 Thes.
707 2148 744 2179 Π
772 2147 868 2187 1671,
895 2147 938 2187 76
950 2148 980 2179 ff
1003 2147 1114 2191 (unter
1138 2149 1298 2179 baculum
1322 2150 1502 2179 senectutzls·
1525 2158 1557 2180 u.
1575 2149 1617 2188 ὅ..)

177 2199 194 2234 5
228 2203 269 2224 zu
299 2195 421 2224 avium
452 2193 517 2234 vgl.
543 2192 646 2225 Thes.
670 2193 707 2225 Π
736 2191 832 2232 1612,
865 2192 908 2235 48
922 2193 951 2224 ff
1006 2201 1023 2235 5
1057 2203 1132 2225 zum
1166 2192 1332 2235 gebrauch
1367 2203 1435 2224 von
1457 2194 1619 2225 allectare

175 2248 200 2269 s.
227 2237 295 2269 Cic.
321 2237 394 2270 Cat.
422 2244 462 2279 57
489 2238 581 2270 Lael.
599 2246 642 2278 99
699 2237 719 2269 6
743 2240 876 2271 dulcem
905 2240 1023 2271 Titum
1082 2245 1098 2278 7
1125 2240 1216 2271 dunc
1248 2239 1312 2270 wie
1334 2240 1419 2270 dum
1442 2238 1617 2271 inschriftl.

174 2283 238 2314 mit
262 2283 339 2314 dem
364 2283 558 2315 coniunctiv
592 2287 664 2315 eius
690 2285 823 2316 luctum
855 2284 874 2316 8
901 2281 977 2316 ‘wie
1002 2284 1055 2316 ein
1074 2283 1304 2317 erwachsener
1319 2281 1441 2315 knabe’
1478 2292 1518 2315 10
1541 2286 1619 2317 dul-

175 2339 244 2361 cem
267 2339 380 2360 vocem
439 2337 475 2360 11
503 2330 598 2367 velis,
623 2334 764 2371 poenae,
796 2330 877 2361 aber
901 2331 991 2362 male
1019 2329 1118 2370 (ady.)
1234 2332 1302 2367 632
1327 2329 1403 2361 CIL
1427 2330 1481 2362 VI
1509 2337 1615 2371 10731

175 2374 251 2406 add.
277 2384 310 2416 p.
337 2380 424 2416 3507
450 2373 511 2407 CE
536 2373 601 2416 647
630 2382 647 2405 2
672 2377 789 2406 dzlscz'te
811 2375 882 2407 und
906 2374 994 2406 ohne
1019 2379 1132 2407 mater
1155 2375 1210 2406 die
1234 2374 1368 2417 vorlage
1427 2383 1446 2416 3
1471 2385 1513 2406 zu
1537 2377 1565 2407 b.
1589 2387 1616 2408 e.

175 2430 201 2451 s.
235 2419 283 2451 Di
317 2419 408 2459 117f
471 2426 488 2461 5
521 2430 548 2451 s.
582 2420 628 2451 Di
660 2430 685 2452 s.
723 2426 784 2460 179
848 2419 868 2451 6
901 2423 939 2452 in
970 2422 1078 2459 voltu,
1110 2420 1156 2451 im
1188 2419 1310 2452 herzen
1334 2420 1399 2452 wie
1424 2420 1470 2451 im
1494 2420 1618 2453 bildnis

176 2465 194 2496 8
220 2465 285 2507 vgl.
311 2464 372 2497 (ΞΕ
402 2473 464 2505 179
501 2464 578 2497 CIL
602 2466 656 2496 VI
683 2465 793 2507 25489
901 2468 969 2504 ⁶3³
993 2465 1072 2498 CIL
1096 2466 1135 2497 X
1162 2472 1246 2507 5371
1275 2465 1335 2498 CE
1364 2466 1424 2497 118
1450 2466 1504 2497 De
1530 2472 1617 2508 7734

176 2508 352 2553 (Termini)
390 2519 418 2542 1.
445 2518 463 2552 3
489 2521 531 2542 zu
554 2515 769 2543 -ust=-um
791 2515 842 2543 est
863 2521 891 2543 s.
915 2511 962 2542 Di
986 2521 1012 2543 s.
1043 2512 1133 2550 117f
1171 2519 1188 2542 2
1215 2522 1255 2542 zu
1279 2513 1417 2543 caldum
1434 2525 1477 2538 =
1494 2514 1618 2543 vinum

174 2568 252 2632 {gem
291 2567 385 2633 anga
422 2557 536 2588 calida
568 2559 719 2589 mixtum
763 2566 788 2588 s.
829 2556 932 2588 Thes.
965 2557 1020 2588 111
1064 2564 1136 2598 154,
1179 2564 1219 2598 35
1238 2557 1286 2595 ff,
1326 2557 1427 2589 Mart.
1465 2565 1514 2598 14,
1554 2564 1615 2597 113

206 2607 311 2633 etron.
366 2608 382 2642 7
