1722 2846
702 191 762 223 der
784 192 886 223 verba
1432 204 1447 230 1
1457 203 1509 243 29

131 312 240 348 1376
261 307 425 346 feliciter
444 307 494 345 sit
516 303 519 359 Ι
539 306 671 346 Genio
691 307 778 345 loci.
797 303 801 359 Ι
820 306 993 351 Servule‚
1015 312 1126 344 utere
1145 302 1148 359 Ι
1168 306 1262 344 felix
1281 303 1515 360 tabemllam

68 361 339 419 aurefilcinam

130 426 237 462 1377
279 422 316 459 d.
357 434 408 459 m.
446 417 451 473 Ι
489 421 648 459 Anniae
688 417 960 475 Eutycheildis
1001 425 1040 458 et
1080 415 1372 473 Mascelliolnis,
1415 433 1515 470 quos

67 475 353 533 interfulflerunt
382 478 468 516 dies
500 477 578 515 XV
612 473 654 531 [.]
678 474 881 531 Colionius
903 477 1106 527 Eutyches
1137 473 1263 530 uxlori
1294 482 1334 514 et
1362 478 1515 516 sororio

69 536 201 574 kariss.

129 597 237 634 1378
269 591 333 630 dis
373 592 558 630 manibus
585 588 589 644 Ι
618 591 810 630 Claudiae
844 591 1085 637 Victorinae‚
1113 587 1117 644 Ι
1144 590 1241 628 vixit
1271 591 1386 629 annis
1415 591 1475 628 VI
1508 587 1512 644 Ι

69 650 272 688 mensibus
302 649 364 686 XI
386 647 401 701 ΙΙ
423 649 563 687 diebus
592 648 704 686 XVI.
733 651 737 698 Ι
764 654 950 699 parentes
979 649 1083 686 filiae
1110 650 1114 695 Ι
1142 649 1332 686 fecerunt.
1361 645 1366 700 Ι
1394 660 1516 698 quem

68 719 153 744 non
182 706 296 756 liquit
330 718 405 744 nos
432 704 437 758 Ι
464 706 626 743 frunisci

130 767 239 804 1379
271 762 321 811 Q.
354 763 560 813 Ragoniae
591 762 788 812 Cyriaeeti
818 762 976 812 coniugi
1006 761 1232 800 dulcissime
1259 758 1264 814 Ι
1292 767 1332 800 et
1360 762 1514 800 incom-

68 820 236 871 parabili
264 820 456 858 univiriae
485 826 596 858 caste
615 820 734 865 bone,
762 818 767 872 Ι
795 832 873 870 que
893 820 989 857 vixit
1009 820 1123 857 annis
1143 819 1248 856 XXI
1269 831 1366 857 mes.
1387 818 1515 856 VIIII

69 877 237 915 djaebus
258 877 312 923 II,
339 878 344 926 Ι
373 876 422 924 Q.
445 877 566 915 Iulius
587 876 841 915 Donatianus
862 878 973 926 optio
995 874 1268 926 (centurionis)
1290 876 1378 914 coh.
1396 876 1473 914 III.
1498 872 1513 930 ΙΙ

69 946 162 972 cum
183 946 306 984 quam
325 935 431 972 bene
451 934 530 971 vixi
550 946 656 971 amn.
677 934 784 971 VIII
805 934 943 972 mesib.
964 933 1093 971 VIIII
1112 930 1116 986 Ι
1136 931 1310 984 dieb(us)
1332 933 1516 979 XXIIII,

70 1003 194 1042 quam
222 991 341 1041 nupsi
380 1002 517 1029 annor.
550 990 635 1028 XII
673 989 678 1043 Ι
714 1003 871 1029 mesum
900 991 963 1028 XI
994 991 1149 1028 dierum
1183 990 1325 1028 XIIII.
1357 985 1516 1040 coniugi

70 1049 176 1086 bene
205 1049 384 1087 merenti.
428 1048 493 1085 hic
524 1048 672 1085 dormit

130 1109 239 1146 1380
271 1106 309 1143 d.
351 1118 402 1143 m.
441 1101 446 1157 Ι
482 1104 667 1142 Aurelius
708 1105 850 1142 Festus
886 1104 1054 1142 Furciae
1089 1101 1094 1157 Ι
1132 1104 1292 1142 Flaviae
1333 1104 1517 1142 filiastrae

71 1163 177 1201 bene
201 1160 207 1216 Ι
235 1162 403 1200 merenti
434 1167 474 1200 et
504 1162 670 1200 domine
700 1167 739 1199 et
768 1157 997 1214 palltronae.
1043 1161 1256 1211 quamdius
1282 1161 1384 1207 vivo,
1416 1158 1517 1214 collo

71 1225 122 1265 te,
162 1225 255 1269 post
294 1225 424 1257 morte
463 1219 611 1257 nescio.
652 1230 773 1268 parce
809 1215 814 1271 Ι
851 1224 1021 1256 matrem
1060 1224 1171 1256 tuam
1212 1224 1251 1256 et
1287 1224 1443 1268 patrem
1479 1223 1519 1256 et

70 1273 263 1330 soroflrem
279 1282 389 1314 tuam
407 1276 616 1322 Marinam,
634 1281 677 1313 ut
692 1276 846 1325 possint
863 1276 933 1313 tibi
948 1276 1081 1313 facere
1099 1272 1103 1328 Ι
1122 1281 1215 1325 post
1229 1287 1295 1313 me
1311 1275 1519 1313 sollemnia

66 1362 69 1365 ⁴
132 1338 240 1374 1381
272 1333 316 1371 L.
348 1333 501 1371 Marius
532 1333 574 1370 L.
605 1334 630 1370 f.
660 1329 664 1384 Ι
690 1332 843 1378 vitans,
872 1329 876 1384 Ι
903 1332 980 1369 vixi
1011 1345 1104 1370 ann.
1133 1332 1257 1370 XVII
1289 1333 1326 1370 d.
1358 1332 1441 1378 LV,

547 1395 848 1428 consummatus
879 1389 992 1427 litter.
1021 1386 1025 1442 Ι

209 1452 396 1498 parentes
427 1447 543 1492 suasi,
575 1446 723 1484 artefic.
747 1444 761 1499 ΙΙ
783 1447 990 1492 discerem,

209 1504 371 1542 discessi
400 1505 452 1542 ab
481 1506 485 1552 Ι
511 1504 610 1542 urbe
640 1504 681 1541 in
702 1503 902 1553 praetorio
930 1500 935 1556 Ι
963 1503 1163 1541 Hadriani
1183 1503 1284 1553 Aug.
1307 1503 1478 1548 Caesar„
1512 1499 1515 1556 Ι

210 1562 278 1599 ubi
308 1562 407 1599 dum
437 1562 651 1606 studerem,
682 1561 763 1598 fata
791 1558 795 1613 Ι
822 1560 1048 1598 inviderunt
1078 1560 1175 1597 mihi

209 1614 474 1671 raptumlflque
503 1618 554 1655 ab
585 1623 670 1655 arte
699 1617 949 1655 tradiderunt
975 1619 979 1666 Ι
1006 1617 1086 1655 hoc
1115 1618 1216 1654 loco.
1245 1614 1250 1669 Ι

74 1675 205 1713 Maria
236 1675 406 1713 Malchis
435 1680 564 1712 mater
591 1671 596 1725 Ι
622 1674 901 1719 infelicissima,
932 1674 1014 1712 filio
1044 1674 1292 1712 sanctissimo

134 1747 280 1784 1381a
319 1744 399 1781 deo
430 1743 668 1780 Maonomio
697 1745 700 1789 Ι
727 1743 910 1780 adoravit
947 1742 1112 1780 vexillus
1136 1740 1142 1794 Ι
1170 1742 1241 1792 leg.
1268 1731 1316 1779 'sI
1347 1742 1519 1780 Traiane

73 1812 185 1849 fortis
222 1809 227 1861 Ι
262 1823 392 1849 nonas
425 1811 539 1849 Febr.
579 1823 688 1849 anno
719 1811 804 1848 XII
844 1811 936 1860 imp.
969 1810 1127 1848 Traian.
1161 1810 1288 1848 Hadr.
1320 1807 1335 1862 ΙΙ
1368 1811 1521 1860 scripsit

74 1868 120 1907 C.
153 1865 409 1922 Coss[inius?
430 1898 437 1906 .
461 1898 467 1906 .
491 1863 516 1921 .]

135 1929 244 1966 1382
276 1926 313 1963 d.
355 1938 406 1962 m.
443 1926 448 1978 Ι
486 1924 535 1972 Q.
577 1925 699 1962 Iulius
740 1924 914 1962 Hermes
953 1930 1066 1974 pater
1105 1930 1143 1962 et
1184 1924 1285 1962 Iulia
1316 1921 1518 1978 Diod01ris

74 1988 204 2020 mater
244 1982 293 2030 Q.
331 1982 432 2020 Iulio
464 1981 627 2031 Cyrioni
666 1981 748 2019 filio
788 1982 826 2019 b.
866 1995 929 2027 m.,
966 1980 971 2034 Ι
1008 1981 1075 2031 qui
1115 1981 1211 2018 vixit
1251 1982 1365 2019 annis
1395 1981 1519 2018 XVII

75 2051 127 2076 m.
158 2039 241 2077 VII
282 2040 319 2076 d.
353 2039 488 2085 XVII,
521 2035 535 2092 ΙΙ
566 2039 640 2076 sibi
680 2039 841 2088 suisque
876 2039 1126 2088 posterisque
1158 2049 1297 2075 eorum
1329 2035 1519 2091 omniyum

75 2096 163 2134 sine
193 2097 288 2134 dolo
318 2097 436 2134 malo.
481 2096 659 2145 quisquis
689 2096 797 2133 hunc
822 2101 827 2147 Ι
855 2096 1013 2133 titulum
1038 2096 1120 2133 sive
1141 2102 1406 2132 monumentu
1426 2095 1522 2133 siive

75 2149 344 2205 selpulchrum
376 2159 445 2198 est,
477 2153 739 2190 deasciaverit
768 2158 810 2190 at
838 2149 1056 2205 viollaverit
1085 2151 1317 2197 vendiderit,
1350 2151 1420 2190 HS
1453 2151 1521 2190 CC

79 2209 186 2246 milia
215 2222 254 2247 n.
286 2206 301 2262 ΙΙ
332 2211 485 2248 aerario
515 2210 655 2259 populi
687 2210 860 2247 Romani
891 2211 1059 2247 damnas
1091 2206 1204 2262 estlto
1235 2209 1341 2254 dare,
1382 2209 1521 2246 heredi
1543 2218 1574 2235 10

76 2270 173 2303 aute
202 2278 359 2316 necque
390 2263 600 2319 venlditori
630 2267 708 2304 hoc
739 2271 1004 2304 monumentu
1034 2266 1116 2304 sive
1147 2263 1412 2318 sepulflchrum
1438 2277 1521 2303 non

78 2327 267 2371 sequetur

84 2413 172 2449 1376
196 2410 273 2442 CIL
295 2412 367 2447 VII
393 2411 456 2454 265
538 2422 624 2451 1377
650 2412 728 2444 CIL
751 2414 828 2444 XII
853 2419 940 2454 3405
968 2413 1113 2453 (Nimes,
1138 2413 1173 2443 II
1193 2412 1254 2454 jh.)
1333 2415 1420 2450 1378
1445 2411 1522 2443 CIL

80 2457 134 2488 VI
164 2455 307 2498 15652s3
333 2457 410 2488 add.
434 2468 467 2499 p.
493 2458 580 2499 3518
659 2467 748 2497 1379
771 2459 850 2490 CIL
873 2459 927 2490 VI
953 2457 1042 2499 3604
1118 2461 1206 2495 1380
1230 2457 1307 2490 CIL
1331 2458 1385 2489 VI
1414 2465 1518 2497 13101

84 2504 166 2540 1381
196 2501 273 2533 CIL
297 2502 350 2533 VI
375 2502 460 2543 8991
488 2502 548 2534 CE
578 2512 635 2535 101
663 2504 718 2536 De
744 2511 828 2545 7741
882 2512 899 2534 2
923 2503 988 2544 vgl.
1013 2501 1115 2535 Thes.
1138 2504 1190 2534 IV
1216 2510 1292 2544 599,
1318 2503 1389 2544 48f
1436 2510 1454 2543 3
1480 2513 1521 2533 zu

79 2550 179 2580 suasi
198 2557 225 2578 c.
251 2557 316 2579 acc.
349 2547 412 2588 vgl.
438 2547 563 2579 Bueeh.
587 2549 691 2591 Apul.
715 2555 795 2581 met.
822 2557 853 2590 9,
880 2555 934 2590 25,
958 2559 999 2580 zu
1023 2550 1152 2591 artefic.
1178 2548 1241 2589 vgl.
1264 2547 1342 2579 CIL
1358 2549 1415 2578 XI
1433 2554 1519 2588 4593

82 2602 104 2634 4
127 2595 159 2624 d.
185 2594 227 2624 ab
251 2604 285 2624 u.
312 2595 348 2624 in
377 2593 531 2625 Caesaris
548 2597 727 2636 praetorio
751 2593 877 2626 Buech.
915 2593 935 2624 6
959 2595 1020 2626 hoc
1043 2595 1110 2626 dat.
1162 2596 1243 2631 1381
1258 2604 1277 2624 a
1302 2593 1378 2624 CIL
1396 2593 1450 2624 III
1469 2599 1520 2632 79.

87 2635 211 2679 14147⁶
236 2639 438 2680 (Aegypten)
557 2641 644 2676 ¹382
676 2639 754 2671 CIL
777 2640 872 2671 XIV
901 2646 984 2680 1153
1014 2640 1068 2671 De
1093 2639 1180 2679 8223
1208 2639 1279 2679 (aus
1303 2639 1425 2670 Portus
1449 2639 1522 2669 Ro-

80 2686 212 2724 manus)
262 2683 280 2715 8
306 2688 371 2715 aut

118 2743 146 2770 D
156 2743 211 2770 ieh
220 2744 242 2775 1,
267 2743 549 2778 νυΙςἈτΙειῒείιιίεεὶιε
567 2743 748 2771 Inschriften.
1342 2748 1362 2779 9
