<?xml version="1.0" encoding="UTF-8"?>
<!DOCTYPE html PUBLIC "-//W3C//DTD XHTML 1.0 Transitional//EN"
    "http://www.w3.org/TR/xhtml1/DTD/xhtml1-transitional.dtd">
<html xmlns="http://www.w3.org/1999/xhtml" xml:lang="en" lang="en">
 <head>
  <title>
</title>
<meta http-equiv="Content-Type" content="text/html;charset=utf-8" />
  <meta name='ocr-system' content='tesseract 3.04.00' />
  <meta name='ocr-capabilities' content='ocr_page ocr_carea ocr_par ocr_line ocrx_word'/>
</head>
<body>
  <div class='ocr_page' id='page_1' title='image "./vulgrlateinisc00diehuoft_0113.png"; bbox 0 0 1722 2846; ppageno 0'>
   <div class='ocr_carea' id='block_1_1' title="bbox 739 137 1617 189">
    <p class='ocr_par' dir='ltr' id='par_1_1' title="bbox 739 137 1617 189">
     <span class='ocr_line' id='line_1_1' title="bbox 739 137 1617 189; baseline 0 -19"><span class='ocrx_word' id='word_1_1' title='bbox 739 137 959 181; x_wconf 85' lang='lat' dir='ltr'>konjugation</span> <span class='ocrx_word' id='word_1_2' title='bbox 1488 150 1503 177; x_wconf 91' lang='lat'>1</span> <span class='ocrx_word' id='word_1_3' title='bbox 1511 150 1565 189; x_wconf 83' lang='lat'>09</span> <span class='ocrx_word' id='word_1_4' title='bbox 1611 175 1617 184; x_wconf 54' lang='lat'>.</span> 
     </span>
    </p>
   </div>
   <div class='ocr_carea' id='block_1_2' title="bbox 118 250 1618 2245">
    <p class='ocr_par' dir='ltr' id='par_1_2' title="bbox 125 250 1565 363">
     <span class='ocr_line' id='line_1_2' title="bbox 125 250 1565 306; baseline -0.001 -13"><span class='ocrx_word' id='word_1_5' title='bbox 125 254 214 293; x_wconf 89' lang='lat' dir='ltr'>Val.</span> <span class='ocrx_word' id='word_1_6' title='bbox 240 254 440 297; x_wconf 86' lang='lat' dir='ltr'>Antonius</span> <span class='ocrx_word' id='word_1_7' title='bbox 470 259 510 292; x_wconf 93' lang='lat' dir='ltr'>et</span> <span class='ocrx_word' id='word_1_8' title='bbox 539 254 634 292; x_wconf 91' lang='lat' dir='ltr'>Aur.</span> <span class='ocrx_word' id='word_1_9' title='bbox 654 253 882 292; x_wconf 79' lang='lat' dir='ltr'>Victorinus</span> <span class='ocrx_word' id='word_1_10' title='bbox 912 253 1047 291; x_wconf 91' lang='lat' dir='ltr'>hered.</span> <span class='ocrx_word' id='word_1_11' title='bbox 1076 250 1081 306; x_wconf 99' lang='grc' dir='ltr'>Ι</span> <span class='ocrx_word' id='word_1_12' title='bbox 1110 253 1231 303; x_wconf 90' lang='lat' dir='ltr'>Ulpio</span> <span class='ocrx_word' id='word_1_13' title='bbox 1253 252 1472 301; x_wconf 85' lang='lat' dir='ltr'>Quintiano</span> <span class='ocrx_word' id='word_1_14' title='bbox 1503 266 1565 304; x_wconf 89' lang='lat' dir='ltr'>eq.</span> 
     </span>
     <span class='ocr_line' id='line_1_3' title="bbox 125 312 654 363; baseline -0.004 -13"><span class='ocrx_word' id='word_1_15' title='bbox 125 312 222 363; x_wconf 85' lang='lat' dir='ltr'><strong>sing.</strong></span> <span class='ocrx_word' id='word_1_16' title='bbox 252 312 344 350; x_wconf 89' lang='lat' dir='ltr'>ben.</span> <span class='ocrx_word' id='word_1_17' title='bbox 373 323 469 349; x_wconf 91' lang='lat' dir='ltr'>mer.</span> <span class='ocrx_word' id='word_1_18' title='bbox 498 323 654 361; x_wconf 83' lang='lat' dir='ltr'>posuer.</span> 
     </span>
    </p>

    <p class='ocr_par' dir='ltr' id='par_1_3' title="bbox 125 363 1618 535">
     <span class='ocr_line' id='line_1_4' title="bbox 185 363 1567 421; baseline -0.003 -12"><span class='ocrx_word' id='word_1_19' title='bbox 185 372 294 409; x_wconf 76' lang='lat'>1206</span> <span class='ocrx_word' id='word_1_20' title='bbox 324 369 362 406; x_wconf 91' lang='lat' dir='ltr'>d.</span> <span class='ocrx_word' id='word_1_21' title='bbox 393 381 444 406; x_wconf 92' lang='lat' dir='ltr'>m.</span> <span class='ocrx_word' id='word_1_22' title='bbox 475 380 503 406; x_wconf 93' lang='lat' dir='ltr'>s.</span> <span class='ocrx_word' id='word_1_23' title='bbox 532 365 536 421; x_wconf 94' lang='grc' dir='ltr'>Ι</span> <span class='ocrx_word' id='word_1_24' title='bbox 565 367 735 406; x_wconf 89' lang='lat' dir='ltr'>Caninia</span> <span class='ocrx_word' id='word_1_25' title='bbox 764 366 974 406; x_wconf 87' lang='lat' dir='ltr'>Antiochis</span> <span class='ocrx_word' id='word_1_26' title='bbox 1003 367 1082 406; x_wconf 92' lang='lat' dir='ltr'>hoc</span> <span class='ocrx_word' id='word_1_27' title='bbox 1111 363 1376 420; x_wconf 67' lang='lat' dir='ltr'>mulnimentu</span> <span class='ocrx_word' id='word_1_28' title='bbox 1405 379 1449 405; x_wconf 90' lang='lat' dir='ltr'>se</span> <span class='ocrx_word' id='word_1_29' title='bbox 1478 367 1567 405; x_wconf 89' lang='lat' dir='ltr'>viva</span> 
     </span>
     <span class='ocr_line' id='line_1_5' title="bbox 125 420 1618 477; baseline -0.002 -12"><span class='ocrx_word' id='word_1_30' title='bbox 125 427 220 465; x_wconf 87' lang='lat' dir='ltr'>fecit</span> <span class='ocrx_word' id='word_1_31' title='bbox 256 425 331 464; x_wconf 84' lang='lat' dir='ltr'>sibi</span> <span class='ocrx_word' id='word_1_32' title='bbox 370 431 410 463; x_wconf 88' lang='lat' dir='ltr'>et</span> <span class='ocrx_word' id='word_1_33' title='bbox 445 422 451 476; x_wconf 96' lang='grc' dir='ltr'>Ι</span> <span class='ocrx_word' id='word_1_34' title='bbox 486 436 577 463; x_wconf 91' lang='lat' dir='ltr'>sues</span> <span class='ocrx_word' id='word_1_35' title='bbox 607 424 754 463; x_wconf 86' lang='lat' dir='ltr'><strong>libertis</strong></span> <span class='ocrx_word' id='word_1_36' title='bbox 784 423 1082 474; x_wconf 88' lang='lat' dir='ltr'>libertabusque</span> <span class='ocrx_word' id='word_1_37' title='bbox 1111 420 1386 477; x_wconf 62' lang='lat' dir='ltr'>postellrisque</span> <span class='ocrx_word' id='word_1_38' title='bbox 1417 436 1565 463; x_wconf 90' lang='lat' dir='ltr'>eorum.</span> <span class='ocrx_word' id='word_1_39' title='bbox 1603 440 1618 467; x_wconf 83' lang='lat'>5</span> 
     </span>
     <span class='ocr_line' id='line_1_6' title="bbox 125 477 1474 535; baseline -0.001 -14"><span class='ocrx_word' id='word_1_40' title='bbox 125 483 205 522; x_wconf 91' lang='lat' dir='ltr'>hoc</span> <span class='ocrx_word' id='word_1_41' title='bbox 233 482 484 520; x_wconf 90' lang='lat' dir='ltr'>munimentu</span> <span class='ocrx_word' id='word_1_42' title='bbox 513 478 617 535; x_wconf 67' lang='lat' dir='ltr'>velto</span> <span class='ocrx_word' id='word_1_43' title='bbox 647 481 772 520; x_wconf 91' lang='lat' dir='ltr'>veniri</span> <span class='ocrx_word' id='word_1_44' title='bbox 801 493 936 531; x_wconf 92' lang='lat' dir='ltr'>neque</span> <span class='ocrx_word' id='word_1_45' title='bbox 966 482 1119 528; x_wconf 87' lang='lat' dir='ltr'>donari,</span> <span class='ocrx_word' id='word_1_46' title='bbox 1150 487 1250 532; x_wconf 92' lang='lat' dir='ltr'>quot</span> <span class='ocrx_word' id='word_1_47' title='bbox 1278 482 1310 519; x_wconf 90' lang='lat' dir='ltr'>si</span> <span class='ocrx_word' id='word_1_48' title='bbox 1335 481 1341 534; x_wconf 94' lang='grc' dir='ltr'>Ι</span> <span class='ocrx_word' id='word_1_49' title='bbox 1371 477 1395 535; x_wconf 93' lang='grc'>[</span> <span class='ocrx_word' id='word_1_50' title='bbox 1419 511 1426 519; x_wconf 92' lang='grc'><strong><em>.</em></strong></span> <span class='ocrx_word' id='word_1_51' title='bbox 1449 477 1474 535; x_wconf 93' lang='grc'>.]</span> 
     </span>
    </p>

    <p class='ocr_par' dir='ltr' id='par_1_4' title="bbox 123 535 1618 991">
     <span class='ocr_line' id='line_1_7' title="bbox 184 535 1563 592; baseline -0.003 -12"><span class='ocrx_word' id='word_1_52' title='bbox 184 543 290 580; x_wconf 79' lang='grc'><strong>1207</strong></span> <span class='ocrx_word' id='word_1_53' title='bbox 332 539 380 577; x_wconf 93' lang='grc' dir='ltr'>Τ.</span> <span class='ocrx_word' id='word_1_54' title='bbox 419 539 556 577; x_wconf 91' lang='lat' dir='ltr'>Aelius</span> <span class='ocrx_word' id='word_1_55' title='bbox 595 539 695 589; x_wconf 88' lang='lat' dir='ltr'>Aug.</span> <span class='ocrx_word' id='word_1_56' title='bbox 740 538 805 576; x_wconf 93' lang='lat' dir='ltr'>lib.</span> <span class='ocrx_word' id='word_1_57' title='bbox 846 538 1070 577; x_wconf 87' lang='lat' dir='ltr'><strong>Primitivus</strong></span> <span class='ocrx_word' id='word_1_58' title='bbox 1111 535 1116 591; x_wconf 96' lang='grc' dir='ltr'>Ι</span> <span class='ocrx_word' id='word_1_59' title='bbox 1157 539 1438 589; x_wconf 81' lang='lat' dir='ltr'>archimagirus</span> <span class='ocrx_word' id='word_1_60' title='bbox 1478 544 1518 576; x_wconf 89' lang='lat' dir='ltr'>et</span> <span class='ocrx_word' id='word_1_61' title='bbox 1559 535 1563 592; x_wconf 95' lang='grc' dir='ltr'>Ι</span> 
     </span>
     <span class='ocr_line' id='line_1_8' title="bbox 125 592 1564 648; baseline -0.001 -13"><span class='ocrx_word' id='word_1_62' title='bbox 125 596 242 635; x_wconf 88' lang='lat' dir='ltr'>Aelia</span> <span class='ocrx_word' id='word_1_63' title='bbox 280 595 381 646; x_wconf 87' lang='lat' dir='ltr'>Aug.</span> <span class='ocrx_word' id='word_1_64' title='bbox 423 596 486 634; x_wconf 91' lang='lat' dir='ltr'>lib.</span> <span class='ocrx_word' id='word_1_65' title='bbox 528 596 669 646; x_wconf 89' lang='lat' dir='ltr'>Tyche</span> <span class='ocrx_word' id='word_1_66' title='bbox 719 596 894 634; x_wconf 88' lang='lat' dir='ltr'>coniunx</span> <span class='ocrx_word' id='word_1_67' title='bbox 930 592 936 648; x_wconf 96' lang='grc' dir='ltr'>Ι</span> <span class='ocrx_word' id='word_1_68' title='bbox 972 597 1150 634; x_wconf 86' lang='lat' dir='ltr'>fecerunt</span> <span class='ocrx_word' id='word_1_69' title='bbox 1189 596 1263 634; x_wconf 84' lang='lat' dir='ltr'>sibi</span> <span class='ocrx_word' id='word_1_70' title='bbox 1304 601 1344 633; x_wconf 92' lang='lat' dir='ltr'>et</span> <span class='ocrx_word' id='word_1_71' title='bbox 1383 596 1463 634; x_wconf 89' lang='lat' dir='ltr'>suis</span> <span class='ocrx_word' id='word_1_72' title='bbox 1501 596 1564 633; x_wconf 94' lang='lat' dir='ltr'>lib.</span> 
     </span>
     <span class='ocr_line' id='line_1_9' title="bbox 124 650 1618 707; baseline -0.001 -16"><span class='ocrx_word' id='word_1_73' title='bbox 124 653 378 703; x_wconf 88' lang='lat' dir='ltr'>libertabusq.</span> <span class='ocrx_word' id='word_1_74' title='bbox 403 650 417 707; x_wconf 94' lang='grc' dir='ltr'>ΙΙ</span> <span class='ocrx_word' id='word_1_75' title='bbox 438 653 688 703; x_wconf 85' lang='lat' dir='ltr'>posterisque</span> <span class='ocrx_word' id='word_1_76' title='bbox 719 665 868 691; x_wconf 90' lang='lat' dir='ltr'>eorum.</span> <span class='ocrx_word' id='word_1_77' title='bbox 897 650 902 705; x_wconf 97' lang='grc' dir='ltr'>Ι</span> <span class='ocrx_word' id='word_1_78' title='bbox 929 654 1111 691; x_wconf 90' lang='lat' dir='ltr'>custodia</span> <span class='ocrx_word' id='word_1_79' title='bbox 1141 652 1378 690; x_wconf 90' lang='lat' dir='ltr'>monimenti</span> <span class='ocrx_word' id='word_1_80' title='bbox 1408 652 1564 690; x_wconf 90' lang='lat' dir='ltr'>inhabi-</span> <span class='ocrx_word' id='word_1_81' title='bbox 1603 667 1618 694; x_wconf 82' lang='lat' dir='ltr'>s</span> 
     </span>
     <span class='ocr_line' id='line_1_10' title="bbox 123 707 1566 763; baseline -0.001 -14"><span class='ocrx_word' id='word_1_82' title='bbox 123 710 236 749; x_wconf 81' lang='lat' dir='ltr'>tandi</span> <span class='ocrx_word' id='word_1_83' title='bbox 275 723 328 748; x_wconf 91' lang='lat' dir='ltr'>ne</span> <span class='ocrx_word' id='word_1_84' title='bbox 369 710 456 760; x_wconf 92' lang='lat' dir='ltr'>quis</span> <span class='ocrx_word' id='word_1_85' title='bbox 495 707 745 763; x_wconf 68' lang='lat' dir='ltr'>interldicere</span> <span class='ocrx_word' id='word_1_86' title='bbox 776 710 890 748; x_wconf 90' lang='lat' dir='ltr'>vellit.</span> <span class='ocrx_word' id='word_1_87' title='bbox 937 711 1048 760; x_wconf 93' lang='lat' dir='ltr'>quod</span> <span class='ocrx_word' id='word_1_88' title='bbox 1080 711 1111 748; x_wconf 89' lang='lat' dir='ltr'>si</span> <span class='ocrx_word' id='word_1_89' title='bbox 1140 722 1262 748; x_wconf 93' lang='lat' dir='ltr'>nemo</span> <span class='ocrx_word' id='word_1_90' title='bbox 1293 711 1345 747; x_wconf 92' lang='lat' dir='ltr'>de</span> <span class='ocrx_word' id='word_1_91' title='bbox 1375 710 1451 748; x_wconf 90' lang='lat' dir='ltr'>hac</span> <span class='ocrx_word' id='word_1_92' title='bbox 1481 722 1566 747; x_wconf 90' lang='lat' dir='ltr'>me-</span> 
     </span>
     <span class='ocr_line' id='line_1_11' title="bbox 124 763 1563 821; baseline -0.001 -15"><span class='ocrx_word' id='word_1_93' title='bbox 124 768 252 806; x_wconf 88' lang='lat' dir='ltr'>moria</span> <span class='ocrx_word' id='word_1_94' title='bbox 271 773 408 805; x_wconf 90' lang='lat' dir='ltr'>nostra</span> <span class='ocrx_word' id='word_1_95' title='bbox 426 763 430 821; x_wconf 95' lang='grc' dir='ltr'>Ι</span> <span class='ocrx_word' id='word_1_96' title='bbox 449 768 630 814; x_wconf 85' lang='lat' dir='ltr'>extiterit,</span> <span class='ocrx_word' id='word_1_97' title='bbox 650 767 847 818; x_wconf 89' lang='lat' dir='ltr'>pertinere</span> <span class='ocrx_word' id='word_1_98' title='bbox 867 767 1031 805; x_wconf 88' lang='lat' dir='ltr'>debebit</span> <span class='ocrx_word' id='word_1_99' title='bbox 1048 768 1101 805; x_wconf 92' lang='lat' dir='ltr'>ad</span> <span class='ocrx_word' id='word_1_100' title='bbox 1122 767 1330 817; x_wconf 88' lang='lat' dir='ltr'>collegium</span> <span class='ocrx_word' id='word_1_101' title='bbox 1347 779 1536 805; x_wconf 89' lang='lat' dir='ltr'>cocorum</span> <span class='ocrx_word' id='word_1_102' title='bbox 1560 763 1563 820; x_wconf 96' lang='grc' dir='ltr'>Ι</span> 
     </span>
     <span class='ocr_line' id='line_1_12' title="bbox 124 820 1618 878; baseline -0.001 -15"><span class='ocrx_word' id='word_1_103' title='bbox 124 825 226 875; x_wconf 90' lang='lat' dir='ltr'>Aug.</span> <span class='ocrx_word' id='word_1_104' title='bbox 255 837 306 870; x_wconf 87' lang='lat' dir='ltr'>n.,</span> <span class='ocrx_word' id='word_1_105' title='bbox 337 825 447 875; x_wconf 94' lang='lat' dir='ltr'>quod</span> <span class='ocrx_word' id='word_1_106' title='bbox 478 825 657 863; x_wconf 88' lang='lat' dir='ltr'>consistit</span> <span class='ocrx_word' id='word_1_107' title='bbox 675 825 717 862; x_wconf 95' lang='lat' dir='ltr'>in</span> <span class='ocrx_word' id='word_1_108' title='bbox 737 824 900 862; x_wconf 88' lang='lat' dir='ltr'>Palatio.</span> <span class='ocrx_word' id='word_1_109' title='bbox 946 825 1057 874; x_wconf 91' lang='lat' dir='ltr'>quod</span> <span class='ocrx_word' id='word_1_110' title='bbox 1078 836 1213 874; x_wconf 89' lang='lat' dir='ltr'>neque</span> <span class='ocrx_word' id='word_1_111' title='bbox 1233 824 1374 862; x_wconf 87' lang='lat' dir='ltr'>donari</span> <span class='ocrx_word' id='word_1_112' title='bbox 1396 820 1410 878; x_wconf 94' lang='grc' dir='ltr'>ΙΙ</span> <span class='ocrx_word' id='word_1_113' title='bbox 1432 836 1566 874; x_wconf 91' lang='lat' dir='ltr'>neque</span> <span class='ocrx_word' id='word_1_114' title='bbox 1586 839 1618 857; x_wconf 92' lang='lat'>10</span> 
     </span>
     <span class='ocr_line' id='line_1_13' title="bbox 123 881 1564 932; baseline -0.001 -13"><span class='ocrx_word' id='word_1_115' title='bbox 123 882 248 920; x_wconf 89' lang='lat' dir='ltr'>veniri</span> <span class='ocrx_word' id='word_1_116' title='bbox 286 881 564 932; x_wconf 88' lang='lat' dir='ltr'>promittimus.</span> <span class='ocrx_word' id='word_1_117' title='bbox 610 882 756 932; x_wconf 91' lang='lat' dir='ltr'>quodsi</span> <span class='ocrx_word' id='word_1_118' title='bbox 795 882 882 931; x_wconf 90' lang='lat' dir='ltr'>quis</span> <span class='ocrx_word' id='word_1_119' title='bbox 925 887 1063 920; x_wconf 87' lang='lat' dir='ltr'>contra</span> <span class='ocrx_word' id='word_1_120' title='bbox 1099 882 1103 930; x_wconf 93' lang='grc' dir='ltr'>Ι</span> <span class='ocrx_word' id='word_1_121' title='bbox 1139 882 1268 932; x_wconf 87' lang='lat' dir='ltr'>legem</span> <span class='ocrx_word' id='word_1_122' title='bbox 1299 893 1327 919; x_wconf 91' lang='lat' dir='ltr'>s.</span> <span class='ocrx_word' id='word_1_123' title='bbox 1358 893 1387 919; x_wconf 92' lang='lat' dir='ltr'>s.</span> <span class='ocrx_word' id='word_1_124' title='bbox 1419 882 1564 927; x_wconf 84' lang='lat' dir='ltr'>fecerit,</span> 
     </span>
     <span class='ocr_line' id='line_1_14' title="bbox 124 935 1562 991; baseline -0.001 -15"><span class='ocrx_word' id='word_1_125' title='bbox 124 939 222 977; x_wconf 91' lang='lat' dir='ltr'>dare</span> <span class='ocrx_word' id='word_1_126' title='bbox 252 939 416 976; x_wconf 88' lang='lat' dir='ltr'>debebit</span> <span class='ocrx_word' id='word_1_127' title='bbox 445 939 612 989; x_wconf 84' lang='lat' dir='ltr'>corpori,</span> <span class='ocrx_word' id='word_1_128' title='bbox 643 939 711 989; x_wconf 90' lang='lat' dir='ltr'>qui</span> <span class='ocrx_word' id='word_1_129' title='bbox 741 944 833 976; x_wconf 89' lang='lat' dir='ltr'>sunt</span> <span class='ocrx_word' id='word_1_130' title='bbox 860 935 864 991; x_wconf 98' lang='grc' dir='ltr'>Ι</span> <span class='ocrx_word' id='word_1_131' title='bbox 891 939 932 976; x_wconf 89' lang='lat' dir='ltr'>in</span> <span class='ocrx_word' id='word_1_132' title='bbox 953 939 1030 977; x_wconf 88' lang='lat' dir='ltr'>hac</span> <span class='ocrx_word' id='word_1_133' title='bbox 1050 939 1274 985; x_wconf 90' lang='lat' dir='ltr'>stationem,</span> <span class='ocrx_word' id='word_1_134' title='bbox 1307 945 1366 977; x_wconf 81' lang='lat' dir='ltr'>HS</span> <span class='ocrx_word' id='word_1_135' title='bbox 1388 938 1430 976; x_wconf 95' lang='lat' dir='ltr'>L.</span> <span class='ocrx_word' id='word_1_136' title='bbox 1452 951 1503 975; x_wconf 90' lang='lat' dir='ltr'>m.</span> <span class='ocrx_word' id='word_1_137' title='bbox 1525 951 1562 976; x_wconf 92' lang='lat' dir='ltr'>n.</span> 
     </span>
    </p>

    <p class='ocr_par' dir='ltr' id='par_1_5' title="bbox 123 991 1617 1103">
     <span class='ocr_line' id='line_1_15' title="bbox 183 991 1564 1048; baseline -0.002 -12"><span class='ocrx_word' id='word_1_138' title='bbox 183 999 291 1036; x_wconf 86' lang='grc'><strong>1208</strong></span> <span class='ocrx_word' id='word_1_139' title='bbox 323 996 360 1033; x_wconf 89' lang='lat' dir='ltr'>d.</span> <span class='ocrx_word' id='word_1_140' title='bbox 387 1008 437 1033; x_wconf 92' lang='lat' dir='ltr'>m.</span> <span class='ocrx_word' id='word_1_141' title='bbox 466 999 471 1044; x_wconf 88' lang='grc' dir='ltr'>Ι</span> <span class='ocrx_word' id='word_1_142' title='bbox 499 996 689 1034; x_wconf 88' lang='lat' dir='ltr'>Iaolenae</span> <span class='ocrx_word' id='word_1_143' title='bbox 709 996 892 1046; x_wconf 91' lang='lat' dir='ltr'>Thyceni</span> <span class='ocrx_word' id='word_1_144' title='bbox 919 992 924 1048; x_wconf 98' lang='grc' dir='ltr'>Ι</span> <span class='ocrx_word' id='word_1_145' title='bbox 952 996 1160 1035; x_wconf 89' lang='lat' dir='ltr'>Narcissus</span> <span class='ocrx_word' id='word_1_146' title='bbox 1183 1008 1401 1034; x_wconf 82' lang='lat' dir='ltr'>conservae</span> <span class='ocrx_word' id='word_1_147' title='bbox 1427 991 1432 1048; x_wconf 97' lang='grc' dir='ltr'>Ι</span> <span class='ocrx_word' id='word_1_148' title='bbox 1459 996 1564 1034; x_wconf 90' lang='lat' dir='ltr'>bene</span> 
     </span>
     <span class='ocr_line' id='line_1_16' title="bbox 123 1050 1617 1103; baseline 0.001 -13"><span class='ocrx_word' id='word_1_149' title='bbox 123 1053 316 1099; x_wconf 78' lang='lat' dir='ltr'>maerenti</span> <span class='ocrx_word' id='word_1_150' title='bbox 345 1053 448 1099; x_wconf 90' lang='lat' dir='ltr'>fecit,</span> <span class='ocrx_word' id='word_1_151' title='bbox 468 1050 483 1102; x_wconf 92' lang='grc' dir='ltr'>ΙΙ</span> <span class='ocrx_word' id='word_1_152' title='bbox 508 1054 619 1103; x_wconf 91' lang='lat' dir='ltr'>quod</span> <span class='ocrx_word' id='word_1_153' title='bbox 649 1065 692 1091; x_wconf 92' lang='lat' dir='ltr'>se</span> <span class='ocrx_word' id='word_1_154' title='bbox 722 1053 845 1091; x_wconf 91' lang='lat' dir='ltr'>voluit</span> <span class='ocrx_word' id='word_1_155' title='bbox 873 1056 876 1098; x_wconf 80' lang='grc' dir='ltr'>Ι</span> <span class='ocrx_word' id='word_1_156' title='bbox 904 1053 1000 1101; x_wconf 82' lang='lat' dir='ltr'>obri,</span> <span class='ocrx_word' id='word_1_157' title='bbox 1030 1067 1064 1091; x_wconf 94' lang='lat' dir='ltr'>v.</span> <span class='ocrx_word' id='word_1_158' title='bbox 1096 1066 1129 1091; x_wconf 89' lang='lat' dir='ltr'>a.</span> <span class='ocrx_word' id='word_1_159' title='bbox 1167 1053 1293 1090; x_wconf 90' lang='lat' dir='ltr'>XXX</span> <span class='ocrx_word' id='word_1_160' title='bbox 1602 1065 1617 1092; x_wconf 83' lang='lat'>5</span> 
     </span>
    </p>

    <p class='ocr_par' dir='ltr' id='par_1_6' title="bbox 118 1105 1618 1604">
     <span class='ocr_line' id='line_1_17' title="bbox 184 1105 1567 1163; baseline -0.002 -13"><span class='ocrx_word' id='word_1_161' title='bbox 184 1113 293 1150; x_wconf 78' lang='lat'>1209</span> <span class='ocrx_word' id='word_1_162' title='bbox 324 1105 400 1148; x_wconf 81' lang='lat' dir='ltr'>diis</span> <span class='ocrx_word' id='word_1_163' title='bbox 421 1110 606 1148; x_wconf 84' lang='lat' dir='ltr'>manibus</span> <span class='ocrx_word' id='word_1_164' title='bbox 628 1122 750 1148; x_wconf 91' lang='lat' dir='ltr'>sacru.</span> <span class='ocrx_word' id='word_1_165' title='bbox 780 1107 784 1163; x_wconf 96' lang='grc' dir='ltr'>Ι</span> <span class='ocrx_word' id='word_1_166' title='bbox 812 1110 859 1147; x_wconf 85' lang='grc' dir='ltr'>Α.</span> <span class='ocrx_word' id='word_1_167' title='bbox 881 1110 1001 1148; x_wconf 88' lang='lat' dir='ltr'>Furio</span> <span class='ocrx_word' id='word_1_168' title='bbox 1023 1110 1312 1160; x_wconf 91' lang='lat' dir='ltr'>Epaphrodito,</span> <span class='ocrx_word' id='word_1_169' title='bbox 1344 1110 1412 1160; x_wconf 92' lang='lat' dir='ltr'>qui</span> <span class='ocrx_word' id='word_1_170' title='bbox 1439 1111 1443 1156; x_wconf 90' lang='grc' dir='ltr'>Ι</span> <span class='ocrx_word' id='word_1_171' title='bbox 1471 1109 1567 1147; x_wconf 85' lang='lat' dir='ltr'>vixit</span> 
     </span>
     <span class='ocr_line' id='line_1_18' title="bbox 123 1163 1564 1220; baseline 0 -16"><span class='ocrx_word' id='word_1_172' title='bbox 123 1167 238 1205; x_wconf 88' lang='lat' dir='ltr'>annis</span> <span class='ocrx_word' id='word_1_173' title='bbox 269 1167 437 1213; x_wconf 92' lang='lat' dir='ltr'><strong>LXXX,</strong></span> <span class='ocrx_word' id='word_1_174' title='bbox 477 1173 516 1205; x_wconf 90' lang='lat' dir='ltr'>et</span> <span class='ocrx_word' id='word_1_175' title='bbox 546 1167 720 1206; x_wconf 90' lang='lat' dir='ltr'>Consiae</span> <span class='ocrx_word' id='word_1_176' title='bbox 750 1163 939 1220; x_wconf 63' lang='lat' dir='ltr'>Prolcule‚</span> <span class='ocrx_word' id='word_1_177' title='bbox 981 1180 1060 1217; x_wconf 93' lang='lat' dir='ltr'>que</span> <span class='ocrx_word' id='word_1_178' title='bbox 1090 1168 1186 1205; x_wconf 88' lang='lat' dir='ltr'>vixit</span> <span class='ocrx_word' id='word_1_179' title='bbox 1215 1179 1306 1205; x_wconf 90' lang='lat' dir='ltr'>ann.</span> <span class='ocrx_word' id='word_1_180' title='bbox 1338 1166 1463 1213; x_wconf 91' lang='lat' dir='ltr'><strong>LXV,</strong></span> <span class='ocrx_word' id='word_1_181' title='bbox 1492 1179 1564 1217; x_wconf 89' lang='lat' dir='ltr'>pa-</span> 
     </span>
     <span class='ocr_line' id='line_1_19' title="bbox 124 1220 1617 1277; baseline 0.002 -16"><span class='ocrx_word' id='word_1_182' title='bbox 124 1224 248 1262; x_wconf 89' lang='lat' dir='ltr'>tronis</span> <span class='ocrx_word' id='word_1_183' title='bbox 268 1224 374 1262; x_wconf 90' lang='lat' dir='ltr'>bene</span> <span class='ocrx_word' id='word_1_184' title='bbox 394 1221 411 1277; x_wconf 92' lang='grc' dir='ltr'>ΙΙ</span> <span class='ocrx_word' id='word_1_185' title='bbox 432 1225 675 1262; x_wconf 87' lang='lat' dir='ltr'>merentibus</span> <span class='ocrx_word' id='word_1_186' title='bbox 695 1225 884 1262; x_wconf 83' lang='lat' dir='ltr'>fecerunt.</span> <span class='ocrx_word' id='word_1_187' title='bbox 913 1221 918 1277; x_wconf 90' lang='grc' dir='ltr'>Ι</span> <span class='ocrx_word' id='word_1_188' title='bbox 945 1224 1071 1262; x_wconf 90' lang='lat' dir='ltr'>liberti</span> <span class='ocrx_word' id='word_1_189' title='bbox 1091 1225 1363 1274; x_wconf 89' lang='lat' dir='ltr'>libertaequae</span> <span class='ocrx_word' id='word_1_190' title='bbox 1384 1230 1424 1262; x_wconf 89' lang='lat' dir='ltr'>et</span> <span class='ocrx_word' id='word_1_191' title='bbox 1444 1220 1564 1277; x_wconf 65' lang='lat' dir='ltr'>collil-</span> <span class='ocrx_word' id='word_1_192' title='bbox 1602 1238 1617 1264; x_wconf 88' lang='grc'><strong><em>5</em></strong></span> 
     </span>
     <span class='ocr_line' id='line_1_20' title="bbox 123 1278 1565 1334; baseline 0 -16"><span class='ocrx_word' id='word_1_193' title='bbox 123 1281 237 1319; x_wconf 91' lang='lat' dir='ltr'>berto</span> <span class='ocrx_word' id='word_1_194' title='bbox 258 1281 377 1318; x_wconf 88' lang='lat' dir='ltr'>Furio</span> <span class='ocrx_word' id='word_1_195' title='bbox 399 1281 688 1331; x_wconf 85' lang='lat' dir='ltr'>Epaphrodito,</span> <span class='ocrx_word' id='word_1_196' title='bbox 720 1282 787 1331; x_wconf 92' lang='lat' dir='ltr'>qui</span> <span class='ocrx_word' id='word_1_197' title='bbox 816 1282 858 1319; x_wconf 91' lang='lat' dir='ltr'>in</span> <span class='ocrx_word' id='word_1_198' title='bbox 889 1293 980 1319; x_wconf 91' lang='lat' dir='ltr'>eum</span> <span class='ocrx_word' id='word_1_199' title='bbox 1008 1278 1012 1334; x_wconf 98' lang='grc' dir='ltr'>Ι</span> <span class='ocrx_word' id='word_1_200' title='bbox 1040 1282 1265 1331; x_wconf 79' lang='lat' dir='ltr'>sepulerum</span> <span class='ocrx_word' id='word_1_201' title='bbox 1292 1287 1352 1320; x_wconf 91' lang='lat' dir='ltr'>est</span> <span class='ocrx_word' id='word_1_202' title='bbox 1381 1281 1565 1319; x_wconf 89' lang='lat' dir='ltr'>conditus</span> 
     </span>
     <span class='ocr_line' id='line_1_21' title="bbox 124 1335 1618 1391; baseline 0.001 -16"><span class='ocrx_word' id='word_1_203' title='bbox 124 1350 247 1376; x_wconf 90' lang='lat' dir='ltr'>verna</span> <span class='ocrx_word' id='word_1_204' title='bbox 267 1350 416 1384; x_wconf 86' lang='lat' dir='ltr'>eorum,</span> <span class='ocrx_word' id='word_1_205' title='bbox 445 1335 449 1391; x_wconf 97' lang='grc' dir='ltr'>Ι</span> <span class='ocrx_word' id='word_1_206' title='bbox 477 1339 545 1388; x_wconf 92' lang='lat' dir='ltr'>qui</span> <span class='ocrx_word' id='word_1_207' title='bbox 565 1338 661 1376; x_wconf 88' lang='lat' dir='ltr'>vixit</span> <span class='ocrx_word' id='word_1_208' title='bbox 681 1339 795 1376; x_wconf 91' lang='lat' dir='ltr'>annis</span> <span class='ocrx_word' id='word_1_209' title='bbox 810 1338 925 1376; x_wconf 91' lang='lat' dir='ltr'>XIX.</span> <span class='ocrx_word' id='word_1_210' title='bbox 947 1339 1011 1377; x_wconf 93' lang='lat' dir='ltr'>hic</span> <span class='ocrx_word' id='word_1_211' title='bbox 1032 1339 1205 1376; x_wconf 89' lang='lat' dir='ltr'>tumulus</span> <span class='ocrx_word' id='word_1_212' title='bbox 1220 1339 1331 1376; x_wconf 92' lang='lat' dir='ltr'>nullo</span> <span class='ocrx_word' id='word_1_213' title='bbox 1355 1340 1369 1390; x_wconf 89' lang='grc' dir='ltr'>ΙΙ</span> <span class='ocrx_word' id='word_1_214' title='bbox 1390 1339 1562 1388; x_wconf 88' lang='lat' dir='ltr'>patebet.</span> <span class='ocrx_word' id='word_1_215' title='bbox 1586 1353 1618 1372; x_wconf 89' lang='lat'>10</span> 
     </span>
     <span class='ocr_line' id='line_1_22' title="bbox 123 1392 1565 1448; baseline 0 -15"><span class='ocrx_word' id='word_1_216' title='bbox 123 1395 154 1433; x_wconf 90' lang='lat' dir='ltr'>si</span> <span class='ocrx_word' id='word_1_217' title='bbox 185 1395 272 1445; x_wconf 85' lang='lat' dir='ltr'>quis</span> <span class='ocrx_word' id='word_1_218' title='bbox 301 1401 436 1433; x_wconf 91' lang='lat' dir='ltr'>autem</span> <span class='ocrx_word' id='word_1_219' title='bbox 466 1395 507 1432; x_wconf 92' lang='lat' dir='ltr'>in</span> <span class='ocrx_word' id='word_1_220' title='bbox 536 1395 615 1433; x_wconf 91' lang='lat' dir='ltr'>hoc</span> <span class='ocrx_word' id='word_1_221' title='bbox 635 1396 861 1446; x_wconf 91' lang='lat' dir='ltr'>sepulcrum</span> <span class='ocrx_word' id='word_1_222' title='bbox 888 1392 893 1448; x_wconf 97' lang='grc' dir='ltr'>Ι</span> <span class='ocrx_word' id='word_1_223' title='bbox 920 1401 1162 1434; x_wconf 90' lang='lat' dir='ltr'>marmorato</span> <span class='ocrx_word' id='word_1_224' title='bbox 1182 1396 1368 1446; x_wconf 88' lang='lat' dir='ltr'>reliquias</span> <span class='ocrx_word' id='word_1_225' title='bbox 1389 1396 1565 1445; x_wconf 88' lang='lat' dir='ltr'>corporis</span> 
     </span>
     <span class='ocr_line' id='line_1_23' title="bbox 125 1450 1563 1506; baseline 0.001 -17"><span class='ocrx_word' id='word_1_226' title='bbox 125 1452 309 1498; x_wconf 88' lang='lat' dir='ltr'>intulerit,</span> <span class='ocrx_word' id='word_1_227' title='bbox 337 1453 342 1503; x_wconf 91' lang='grc' dir='ltr'>Ι</span> <span class='ocrx_word' id='word_1_228' title='bbox 368 1452 575 1502; x_wconf 91' lang='lat' dir='ltr'>poenibitu</span> <span class='ocrx_word' id='word_1_229' title='bbox 609 1453 711 1490; x_wconf 91' lang='lat' dir='ltr'>inter</span> <span class='ocrx_word' id='word_1_230' title='bbox 741 1465 834 1490; x_wconf 89' lang='lat' dir='ltr'>suos</span> <span class='ocrx_word' id='word_1_231' title='bbox 865 1453 1088 1491; x_wconf 88' lang='lat' dir='ltr'>collibertos</span> <span class='ocrx_word' id='word_1_232' title='bbox 1119 1459 1180 1492; x_wconf 80' lang='lat' dir='ltr'>HS</span> <span class='ocrx_word' id='word_1_233' title='bbox 1201 1467 1245 1488; x_wconf 89' lang='lat'>00</span> <span class='ocrx_word' id='word_1_234' title='bbox 1266 1461 1303 1491; x_wconf 78' lang='lat' dir='ltr'>n.</span> <span class='ocrx_word' id='word_1_235' title='bbox 1332 1450 1337 1506; x_wconf 92' lang='grc' dir='ltr'>Ι</span> <span class='ocrx_word' id='word_1_236' title='bbox 1365 1458 1404 1490; x_wconf 92' lang='lat' dir='ltr'>et</span> <span class='ocrx_word' id='word_1_237' title='bbox 1427 1458 1563 1503; x_wconf 88' lang='lat' dir='ltr'>poste-</span> 
     </span>
     <span class='ocr_line' id='line_1_24' title="bbox 118 1506 1564 1563; baseline 0.001 -16"><span class='ocrx_word' id='word_1_238' title='bbox 118 1509 260 1559; x_wconf 73' lang='lat' dir='ltr'>risque</span> <span class='ocrx_word' id='word_1_239' title='bbox 287 1515 474 1547; x_wconf 86' lang='lat' dir='ltr'>nostroru</span> <span class='ocrx_word' id='word_1_240' title='bbox 505 1522 594 1547; x_wconf 90' lang='lat' dir='ltr'>eam</span> <span class='ocrx_word' id='word_1_241' title='bbox 623 1522 810 1560; x_wconf 91' lang='lat' dir='ltr'>poenam.</span> <span class='ocrx_word' id='word_1_242' title='bbox 841 1510 957 1548; x_wconf 87' lang='lat' dir='ltr'>huius</span> <span class='ocrx_word' id='word_1_243' title='bbox 977 1506 980 1563; x_wconf 93' lang='grc' dir='ltr'>Ι</span> <span class='ocrx_word' id='word_1_244' title='bbox 1004 1511 1171 1560; x_wconf 87' lang='lat' dir='ltr'>sepulcri</span> <span class='ocrx_word' id='word_1_245' title='bbox 1201 1523 1296 1548; x_wconf 89' lang='lat' dir='ltr'>cura</span> <span class='ocrx_word' id='word_1_246' title='bbox 1327 1510 1404 1559; x_wconf 89' lang='lat' dir='ltr'>egit</span> <span class='ocrx_word' id='word_1_247' title='bbox 1425 1510 1564 1548; x_wconf 87' lang='lat' dir='ltr'>Furius</span> 
     </span>
     <span class='ocr_line' id='line_1_25' title="bbox 123 1565 336 1604; baseline 0 0"><span class='ocrx_word' id='word_1_248' title='bbox 123 1565 336 1604; x_wconf 87' lang='lat' dir='ltr'>Successus</span> 
     </span>
    </p>

    <p class='ocr_par' dir='ltr' id='par_1_7' title="bbox 123 1621 1615 1791">
     <span class='ocr_line' id='line_1_26' title="bbox 184 1621 1560 1678; baseline 0.001 -16"><span class='ocrx_word' id='word_1_249' title='bbox 184 1627 293 1663; x_wconf 84' lang='grc'><strong>1210</strong></span> <span class='ocrx_word' id='word_1_250' title='bbox 325 1623 368 1661; x_wconf 92' lang='lat' dir='ltr'>C.</span> <span class='ocrx_word' id='word_1_251' title='bbox 390 1623 568 1662; x_wconf 91' lang='lat' dir='ltr'>Naevius</span> <span class='ocrx_word' id='word_1_252' title='bbox 599 1631 638 1664; x_wconf 75' lang='grc' dir='ltr'>Ο·</span> <span class='ocrx_word' id='word_1_253' title='bbox 668 1624 689 1660; x_wconf 92' lang='lat' dir='ltr'>l.</span> <span class='ocrx_word' id='word_1_254' title='bbox 714 1624 869 1662; x_wconf 91' lang='lat' dir='ltr'>Dromo</span> <span class='ocrx_word' id='word_1_255' title='bbox 901 1629 941 1661; x_wconf 89' lang='lat' dir='ltr'>et</span> <span class='ocrx_word' id='word_1_256' title='bbox 966 1621 971 1676; x_wconf 98' lang='grc' dir='ltr'>Ι</span> <span class='ocrx_word' id='word_1_257' title='bbox 1000 1624 1154 1662; x_wconf 86' lang='lat' dir='ltr'>Naevia</span> <span class='ocrx_word' id='word_1_258' title='bbox 1183 1631 1221 1665; x_wconf 78' lang='lat' dir='ltr'>D·</span> <span class='ocrx_word' id='word_1_259' title='bbox 1252 1624 1273 1661; x_wconf 95' lang='lat' dir='ltr'>l.</span> <span class='ocrx_word' id='word_1_260' title='bbox 1297 1624 1531 1671; x_wconf 90' lang='lat' dir='ltr'>Philumina‚</span> <span class='ocrx_word' id='word_1_261' title='bbox 1557 1621 1560 1678; x_wconf 97' lang='grc' dir='ltr'>Ι</span> 
     </span>
     <span class='ocr_line' id='line_1_27' title="bbox 125 1678 1615 1731; baseline 0.003 -14"><span class='ocrx_word' id='word_1_262' title='bbox 125 1680 222 1717; x_wconf 90' lang='lat' dir='ltr'>dum</span> <span class='ocrx_word' id='word_1_263' title='bbox 262 1680 369 1718; x_wconf 88' lang='lat' dir='ltr'>licuit</span> <span class='ocrx_word' id='word_1_264' title='bbox 408 1681 579 1718; x_wconf 87' lang='lat' dir='ltr'>suaviter</span> <span class='ocrx_word' id='word_1_265' title='bbox 614 1678 618 1730; x_wconf 96' lang='grc' dir='ltr'>Ι</span> <span class='ocrx_word' id='word_1_266' title='bbox 655 1680 771 1718; x_wconf 87' lang='lat' dir='ltr'>fructi</span> <span class='ocrx_word' id='word_1_267' title='bbox 811 1687 902 1719; x_wconf 90' lang='lat' dir='ltr'>sunt</span> <span class='ocrx_word' id='word_1_268' title='bbox 930 1693 1059 1719; x_wconf 90' lang='lat' dir='ltr'>annos</span> <span class='ocrx_word' id='word_1_269' title='bbox 1095 1681 1178 1718; x_wconf 92' lang='lat' dir='ltr'>LV.</span> <span class='ocrx_word' id='word_1_270' title='bbox 1212 1682 1226 1731; x_wconf 91' lang='grc' dir='ltr'>ΙΙ</span> <span class='ocrx_word' id='word_1_271' title='bbox 1257 1689 1563 1720; x_wconf 87' lang='lat' dir='ltr'>monumentum</span> <span class='ocrx_word' id='word_1_272' title='bbox 1600 1695 1615 1722; x_wconf 86' lang='lat'>5</span> 
     </span>
     <span class='ocr_line' id='line_1_28' title="bbox 123 1733 1346 1791; baseline 0.002 -17"><span class='ocrx_word' id='word_1_273' title='bbox 123 1736 315 1775; x_wconf 85' lang='lat' dir='ltr'>heredem</span> <span class='ocrx_word' id='word_1_274' title='bbox 343 1733 347 1789; x_wconf 97' lang='grc' dir='ltr'>Ι</span> <span class='ocrx_word' id='word_1_275' title='bbox 374 1749 457 1775; x_wconf 86' lang='lat' dir='ltr'>non</span> <span class='ocrx_word' id='word_1_276' title='bbox 487 1743 684 1787; x_wconf 89' lang='lat' dir='ltr'>sequetur.</span> <span class='ocrx_word' id='word_1_277' title='bbox 715 1734 847 1788; x_wconf 82' lang='lat' dir='ltr'>niquis</span> <span class='ocrx_word' id='word_1_278' title='bbox 874 1735 879 1791; x_wconf 99' lang='grc' dir='ltr'>Ι</span> <span class='ocrx_word' id='word_1_279' title='bbox 908 1751 956 1776; x_wconf 90' lang='lat' dir='ltr'>eo</span> <span class='ocrx_word' id='word_1_280' title='bbox 986 1744 1128 1788; x_wconf 90' lang='lat' dir='ltr'>postea</span> <span class='ocrx_word' id='word_1_281' title='bbox 1157 1739 1346 1776; x_wconf 82' lang='lat' dir='ltr'>inferatur</span> 
     </span>
    </p>

    <p class='ocr_par' dir='ltr' id='par_1_8' title="bbox 183 1791 535 1845">
     <span class='ocr_line' id='line_1_29' title="bbox 183 1791 535 1845; baseline -0.006 -12"><span class='ocrx_word' id='word_1_282' title='bbox 183 1797 290 1833; x_wconf 86' lang='grc'><strong>1211</strong></span> <span class='ocrx_word' id='word_1_283' title='bbox 323 1795 360 1831; x_wconf 94' lang='lat' dir='ltr'>d.</span> <span class='ocrx_word' id='word_1_284' title='bbox 391 1807 442 1831; x_wconf 91' lang='lat' dir='ltr'>m.</span> <span class='ocrx_word' id='word_1_285' title='bbox 473 1806 501 1832; x_wconf 89' lang='lat' dir='ltr'>s.</span> <span class='ocrx_word' id='word_1_286' title='bbox 530 1791 535 1845; x_wconf 97' lang='grc' dir='ltr'>Ι</span> 
     </span>
    </p>

    <p class='ocr_par' dir='ltr' id='par_1_9' title="bbox 180 1848 1424 1905">
     <span class='ocr_line' id='line_1_30' title="bbox 180 1848 1424 1905; baseline 0.002 -17"><span class='ocrx_word' id='word_1_287' title='bbox 180 1862 262 1888; x_wconf 89' lang='lat' dir='ltr'>non</span> <span class='ocrx_word' id='word_1_288' title='bbox 294 1852 488 1889; x_wconf 86' lang='lat' dir='ltr'>sufecerat</span> <span class='ocrx_word' id='word_1_289' title='bbox 518 1863 600 1889; x_wconf 91' lang='lat' dir='ltr'>uno</span> <span class='ocrx_word' id='word_1_290' title='bbox 631 1852 770 1890; x_wconf 92' lang='lat' dir='ltr'>dolore</span> <span class='ocrx_word' id='word_1_291' title='bbox 798 1848 802 1904; x_wconf 95' lang='grc' dir='ltr'>Ι</span> <span class='ocrx_word' id='word_1_292' title='bbox 829 1852 994 1890; x_wconf 88' lang='lat' dir='ltr'>miseros</span> <span class='ocrx_word' id='word_1_293' title='bbox 1023 1853 1161 1891; x_wconf 90' lang='lat' dir='ltr'>bibere</span> <span class='ocrx_word' id='word_1_294' title='bbox 1194 1859 1391 1902; x_wconf 89' lang='lat' dir='ltr'>parentes,</span> <span class='ocrx_word' id='word_1_295' title='bbox 1419 1849 1424 1905; x_wconf 95' lang='grc' dir='ltr'>Ι</span> 
     </span>
    </p>

    <p class='ocr_par' dir='ltr' id='par_1_10' title="bbox 182 1906 1132 1963">
     <span class='ocr_line' id='line_1_31' title="bbox 182 1906 1132 1963; baseline 0.001 -18"><span class='ocrx_word' id='word_1_296' title='bbox 182 1909 293 1957; x_wconf 88' lang='lat' dir='ltr'>quod</span> <span class='ocrx_word' id='word_1_297' title='bbox 323 1909 402 1945; x_wconf 90' lang='lat' dir='ltr'>iam</span> <span class='ocrx_word' id='word_1_298' title='bbox 432 1921 555 1946; x_wconf 90' lang='lat' dir='ltr'>unam</span> <span class='ocrx_word' id='word_1_299' title='bbox 585 1914 723 1946; x_wconf 84' lang='lat' dir='ltr'>natam</span> <span class='ocrx_word' id='word_1_300' title='bbox 753 1906 991 1963; x_wconf 63' lang='lat' dir='ltr'>omiserllant</span> <span class='ocrx_word' id='word_1_301' title='bbox 1020 1915 1132 1947; x_wconf 85' lang='lat' dir='ltr'>ante:</span> 
     </span>
    </p>

    <p class='ocr_par' dir='ltr' id='par_1_11' title="bbox 181 1962 1285 2018">
     <span class='ocr_line' id='line_1_32' title="bbox 181 1962 1285 2018; baseline 0.001 -16"><span class='ocrx_word' id='word_1_302' title='bbox 181 1977 274 2002; x_wconf 91' lang='lat' dir='ltr'>ecce</span> <span class='ocrx_word' id='word_1_303' title='bbox 304 1977 410 2002; x_wconf 90' lang='lat' dir='ltr'>nunc</span> <span class='ocrx_word' id='word_1_304' title='bbox 441 1972 480 2003; x_wconf 88' lang='lat' dir='ltr'>et</span> <span class='ocrx_word' id='word_1_305' title='bbox 509 1966 627 2003; x_wconf 87' lang='lat' dir='ltr'>aliam</span> <span class='ocrx_word' id='word_1_306' title='bbox 655 1962 659 2018; x_wconf 97' lang='grc' dir='ltr'>Ι</span> <span class='ocrx_word' id='word_1_307' title='bbox 686 1967 918 2016; x_wconf 88' lang='lat' dir='ltr'>saepelitam</span> <span class='ocrx_word' id='word_1_308' title='bbox 948 1979 1030 2004; x_wconf 92' lang='lat' dir='ltr'>uno</span> <span class='ocrx_word' id='word_1_309' title='bbox 1061 1967 1252 2012; x_wconf 87' lang='lat' dir='ltr'>dolorem,</span> <span class='ocrx_word' id='word_1_310' title='bbox 1282 1964 1285 2018; x_wconf 96' lang='grc' dir='ltr'>Ι</span> 
     </span>
    </p>

    <p class='ocr_par' dir='ltr' id='par_1_12' title="bbox 181 2022 1561 2076">
     <span class='ocr_line' id='line_1_33' title="bbox 181 2022 1561 2076; baseline 0.001 -17"><span class='ocrx_word' id='word_1_311' title='bbox 181 2022 292 2071; x_wconf 92' lang='lat' dir='ltr'>quod</span> <span class='ocrx_word' id='word_1_312' title='bbox 323 2022 402 2059; x_wconf 89' lang='lat' dir='ltr'>iam</span> <span class='ocrx_word' id='word_1_313' title='bbox 432 2035 560 2073; x_wconf 93' lang='lat' dir='ltr'>prope</span> <span class='ocrx_word' id='word_1_314' title='bbox 584 2029 783 2073; x_wconf 91' lang='lat' dir='ltr'>nupptum</span> <span class='ocrx_word' id='word_1_315' title='bbox 808 2036 990 2073; x_wconf 89' lang='lat' dir='ltr'>myserae</span> <span class='ocrx_word' id='word_1_316' title='bbox 1017 2030 1022 2076; x_wconf 86' lang='grc' dir='ltr'>Ι</span> <span class='ocrx_word' id='word_1_317' title='bbox 1050 2024 1264 2061; x_wconf 89' lang='lat' dir='ltr'>defunctae</span> <span class='ocrx_word' id='word_1_318' title='bbox 1293 2029 1386 2062; x_wconf 88' lang='lat' dir='ltr'>sunt</span> <span class='ocrx_word' id='word_1_319' title='bbox 1406 2025 1561 2070; x_wconf 86' lang='lat' dir='ltr'>ambae,</span> 
     </span>
    </p>

    <p class='ocr_par' dir='ltr' id='par_1_13' title="bbox 180 2076 1613 2133">
     <span class='ocr_line' id='line_1_34' title="bbox 180 2076 1613 2133; baseline 0.002 -17"><span class='ocrx_word' id='word_1_320' title='bbox 180 2084 240 2116; x_wconf 92' lang='lat' dir='ltr'>set</span> <span class='ocrx_word' id='word_1_321' title='bbox 267 2076 271 2131; x_wconf 94' lang='grc' dir='ltr'>Ι</span> <span class='ocrx_word' id='word_1_322' title='bbox 299 2079 367 2128; x_wconf 90' lang='lat' dir='ltr'>qui</span> <span class='ocrx_word' id='word_1_323' title='bbox 391 2080 506 2118; x_wconf 93' lang='lat' dir='ltr'>dolor</span> <span class='ocrx_word' id='word_1_324' title='bbox 525 2081 597 2118; x_wconf 90' lang='lat' dir='ltr'>abs</span> <span class='ocrx_word' id='word_1_325' title='bbox 617 2086 657 2118; x_wconf 92' lang='lat' dir='ltr'>te</span> <span class='ocrx_word' id='word_1_326' title='bbox 676 2081 802 2126; x_wconf 88' lang='lat' dir='ltr'>nobis,</span> <span class='ocrx_word' id='word_1_327' title='bbox 835 2077 1083 2133; x_wconf 61' lang='lat' dir='ltr'>Harmollnia</span> <span class='ocrx_word' id='word_1_328' title='bbox 1105 2081 1261 2126; x_wconf 83' lang='lat' dir='ltr'>Rufina,</span> <span class='ocrx_word' id='word_1_329' title='bbox 1292 2082 1470 2119; x_wconf 91' lang='lat' dir='ltr'>relictum</span> <span class='ocrx_word' id='word_1_330' title='bbox 1492 2087 1561 2127; x_wconf 85' lang='lat' dir='ltr'>est,</span> <span class='ocrx_word' id='word_1_331' title='bbox 1599 2095 1613 2121; x_wconf 88' lang='lat'>5</span> 
     </span>
    </p>

    <p class='ocr_par' dir='ltr' id='par_1_14' title="bbox 181 2132 1532 2190">
     <span class='ocr_line' id='line_1_35' title="bbox 181 2132 1532 2190; baseline 0.001 -17"><span class='ocrx_word' id='word_1_332' title='bbox 181 2141 225 2172; x_wconf 91' lang='lat' dir='ltr'>ut</span> <span class='ocrx_word' id='word_1_333' title='bbox 254 2132 380 2189; x_wconf 60' lang='lat' dir='ltr'>annils</span> <span class='ocrx_word' id='word_1_334' title='bbox 411 2136 519 2174; x_wconf 85' lang='lat' dir='ltr'><strong>XIII</strong></span> <span class='ocrx_word' id='word_1_335' title='bbox 549 2149 599 2174; x_wconf 91' lang='lat' dir='ltr'>m.</span> <span class='ocrx_word' id='word_1_336' title='bbox 631 2137 689 2174; x_wconf 92' lang='lat' dir='ltr'>VI</span> <span class='ocrx_word' id='word_1_337' title='bbox 722 2138 759 2174; x_wconf 93' lang='lat' dir='ltr'>d.</span> <span class='ocrx_word' id='word_1_338' title='bbox 790 2137 933 2175; x_wconf 90' lang='lat' dir='ltr'><strong>XXVI</strong></span> <span class='ocrx_word' id='word_1_339' title='bbox 963 2138 1175 2175; x_wconf 89' lang='lat' dir='ltr'>nobiscum</span> <span class='ocrx_word' id='word_1_340' title='bbox 1204 2134 1411 2190; x_wconf 65' lang='lat' dir='ltr'>adlvixeris</span> <span class='ocrx_word' id='word_1_341' title='bbox 1443 2150 1532 2176; x_wconf 87' lang='lat' dir='ltr'>una.</span> 
     </span>
    </p>

    <p class='ocr_par' dir='ltr' id='par_1_15' title="bbox 183 2191 1258 2245">
     <span class='ocr_line' id='line_1_36' title="bbox 183 2191 1258 2245; baseline 0.003 -16"><span class='ocrx_word' id='word_1_342' title='bbox 183 2197 222 2229; x_wconf 91' lang='lat' dir='ltr'>et</span> <span class='ocrx_word' id='word_1_343' title='bbox 250 2204 325 2230; x_wconf 90' lang='lat' dir='ltr'>nos</span> <span class='ocrx_word' id='word_1_344' title='bbox 356 2199 540 2243; x_wconf 89' lang='lat' dir='ltr'>optamus</span> <span class='ocrx_word' id='word_1_345' title='bbox 568 2191 572 2245; x_wconf 98' lang='grc' dir='ltr'>Ι</span> <span class='ocrx_word' id='word_1_346' title='bbox 600 2195 652 2232; x_wconf 88' lang='lat' dir='ltr'>ad</span> <span class='ocrx_word' id='word_1_347' title='bbox 682 2206 754 2232; x_wconf 89' lang='lat' dir='ltr'>vos</span> <span class='ocrx_word' id='word_1_348' title='bbox 784 2206 1000 2244; x_wconf 89' lang='lat' dir='ltr'>properare</span> <span class='ocrx_word' id='word_1_349' title='bbox 1030 2201 1224 2244; x_wconf 89' lang='lat' dir='ltr'>parentes,</span> <span class='ocrx_word' id='word_1_350' title='bbox 1254 2193 1258 2245; x_wconf 97' lang='grc' dir='ltr'>Ι</span> 
     </span>
    </p>
   </div>
   <div class='ocr_carea' id='block_1_3' title="bbox 123 2303 1566 2666">
    <p class='ocr_par' dir='ltr' id='par_1_16' title="bbox 123 2303 1566 2666">
     <span class='ocr_line' id='line_1_37' title="bbox 129 2303 1561 2348; baseline 0.003 -13"><span class='ocrx_word' id='word_1_351' title='bbox 129 2306 217 2336; x_wconf 78' lang='lat'>1206</span> <span class='ocrx_word' id='word_1_352' title='bbox 239 2303 317 2336; x_wconf 91' lang='lat' dir='ltr'>CIL</span> <span class='ocrx_word' id='word_1_353' title='bbox 341 2305 395 2336; x_wconf 90' lang='lat' dir='ltr'>VI</span> <span class='ocrx_word' id='word_1_354' title='bbox 424 2314 531 2347; x_wconf 88' lang='lat'>14344</span> <span class='ocrx_word' id='word_1_355' title='bbox 567 2306 587 2338; x_wconf 87' lang='lat'>6</span> <span class='ocrx_word' id='word_1_356' title='bbox 612 2307 715 2348; x_wconf 88' lang='lat' dir='ltr'>desgl.</span> <span class='ocrx_word' id='word_1_357' title='bbox 750 2307 827 2339; x_wconf 90' lang='lat' dir='ltr'>CIL</span> <span class='ocrx_word' id='word_1_358' title='bbox 850 2308 903 2339; x_wconf 89' lang='lat' dir='ltr'>VI</span> <span class='ocrx_word' id='word_1_359' title='bbox 930 2307 1041 2347; x_wconf 84' lang='lat'>21096</span> <span class='ocrx_word' id='word_1_360' title='bbox 1159 2317 1244 2345; x_wconf 74' lang='lat'><strong>¹207</strong></span> <span class='ocrx_word' id='word_1_361' title='bbox 1277 2307 1354 2339; x_wconf 92' lang='lat' dir='ltr'>CIL</span> <span class='ocrx_word' id='word_1_362' title='bbox 1386 2308 1439 2339; x_wconf 92' lang='lat' dir='ltr'>VI</span> <span class='ocrx_word' id='word_1_363' title='bbox 1475 2307 1561 2348; x_wconf 84' lang='lat'><strong>7458</strong></span> 
     </span>
     <span class='ocr_line' id='line_1_38' title="bbox 126 2349 1561 2396; baseline 0.003 -16"><span class='ocrx_word' id='word_1_364' title='bbox 126 2350 181 2381; x_wconf 89' lang='lat' dir='ltr'>De</span> <span class='ocrx_word' id='word_1_365' title='bbox 209 2349 304 2390; x_wconf 90' lang='lat'>1798.</span> <span class='ocrx_word' id='word_1_366' title='bbox 329 2350 392 2392; x_wconf 85' lang='lat' dir='ltr'>vgl.</span> <span class='ocrx_word' id='word_1_367' title='bbox 416 2351 493 2383; x_wconf 90' lang='lat' dir='ltr'>CIL</span> <span class='ocrx_word' id='word_1_368' title='bbox 517 2352 570 2383; x_wconf 93' lang='lat' dir='ltr'>VI</span> <span class='ocrx_word' id='word_1_369' title='bbox 595 2351 684 2394; x_wconf 85' lang='lat'>8750</span> <span class='ocrx_word' id='word_1_370' title='bbox 736 2361 776 2384; x_wconf 90' lang='grc'>10</span> <span class='ocrx_word' id='word_1_371' title='bbox 800 2356 917 2385; x_wconf 81' lang='lat' dir='ltr'>venire</span> <span class='ocrx_word' id='word_1_372' title='bbox 968 2362 1002 2384; x_wconf 90' lang='lat'>11</span> <span class='ocrx_word' id='word_1_373' title='bbox 1030 2356 1169 2396; x_wconf 82' lang='lat' dir='ltr'>s(upra)</span> <span class='ocrx_word' id='word_1_374' title='bbox 1194 2356 1388 2395; x_wconf 74' lang='lat' dir='ltr'>s(criplam)</span> <span class='ocrx_word' id='word_1_375' title='bbox 1433 2361 1470 2384; x_wconf 86' lang='lat'>12</span> <span class='ocrx_word' id='word_1_376' title='bbox 1494 2357 1561 2384; x_wconf 88' lang='lat' dir='ltr'>sta-</span> 
     </span>
     <span class='ocr_line' id='line_1_39' title="bbox 128 2397 1566 2440; baseline 0.002 -14"><span class='ocrx_word' id='word_1_377' title='bbox 128 2398 218 2427; x_wconf 77' lang='lat' dir='ltr'>tione</span> <span class='ocrx_word' id='word_1_378' title='bbox 255 2397 380 2434; x_wconf 81' lang='lat' dir='ltr'>m(ilia)</span> <span class='ocrx_word' id='word_1_379' title='bbox 406 2399 617 2436; x_wconf 85' lang='lat' dir='ltr'>n(ummum)</span> <span class='ocrx_word' id='word_1_380' title='bbox 714 2401 802 2430; x_wconf 81' lang='lat'><strong>¹208</strong></span> <span class='ocrx_word' id='word_1_381' title='bbox 825 2398 902 2430; x_wconf 86' lang='lat' dir='ltr'>CIL</span> <span class='ocrx_word' id='word_1_382' title='bbox 926 2399 980 2430; x_wconf 92' lang='lat' dir='ltr'>VI</span> <span class='ocrx_word' id='word_1_383' title='bbox 1009 2398 1115 2440; x_wconf 89' lang='grc'><strong>19668</strong></span> <span class='ocrx_word' id='word_1_384' title='bbox 1168 2407 1180 2429; x_wconf 93' lang='grc'>1</span> <span class='ocrx_word' id='word_1_385' title='bbox 1208 2401 1387 2431; x_wconf 81' lang='lat' dir='ltr'>Iavolenae</span> <span class='ocrx_word' id='word_1_386' title='bbox 1416 2400 1566 2440; x_wconf 78' lang='lat' dir='ltr'>Tyclzenz&#39;</span> 
     </span>
     <span class='ocr_line' id='line_1_40' title="bbox 126 2440 1563 2486; baseline 0.003 -15"><span class='ocrx_word' id='word_1_387' title='bbox 126 2440 147 2471; x_wconf 88' lang='grc'>6</span> <span class='ocrx_word' id='word_1_388' title='bbox 172 2444 252 2472; x_wconf 87' lang='lat' dir='ltr'>statt</span> <span class='ocrx_word' id='word_1_389' title='bbox 275 2443 380 2472; x_wconf 81' lang='lat' dir='ltr'>obrui</span> <span class='ocrx_word' id='word_1_390' title='bbox 447 2451 535 2480; x_wconf 81' lang='lat'><strong>¹209</strong></span> <span class='ocrx_word' id='word_1_391' title='bbox 559 2443 636 2475; x_wconf 85' lang='lat' dir='ltr'>CIL</span> <span class='ocrx_word' id='word_1_392' title='bbox 659 2444 713 2476; x_wconf 85' lang='lat' dir='ltr'>VI</span> <span class='ocrx_word' id='word_1_393' title='bbox 743 2443 848 2484; x_wconf 83' lang='lat'>18758</span> <span class='ocrx_word' id='word_1_394' title='bbox 899 2445 945 2483; x_wconf 81' lang='lat' dir='ltr'>7f</span> <span class='ocrx_word' id='word_1_395' title='bbox 974 2444 1038 2485; x_wconf 88' lang='lat' dir='ltr'>vgl.</span> <span class='ocrx_word' id='word_1_396' title='bbox 1063 2445 1110 2475; x_wconf 92' lang='lat' dir='ltr'>Di</span> <span class='ocrx_word' id='word_1_397' title='bbox 1134 2455 1159 2476; x_wconf 90' lang='lat' dir='ltr'>s.</span> <span class='ocrx_word' id='word_1_398' title='bbox 1190 2452 1248 2484; x_wconf 88' lang='lat'>197</span> <span class='ocrx_word' id='word_1_399' title='bbox 1303 2453 1340 2475; x_wconf 93' lang='lat'>12</span> <span class='ocrx_word' id='word_1_400' title='bbox 1361 2446 1563 2486; x_wconf 70' lang='lat' dir='ltr'>poem&#39;bz&#39;tur</span> 
     </span>
     <span class='ocr_line' id='line_1_41' title="bbox 127 2488 1559 2532; baseline 0.002 -15"><span class='ocrx_word' id='word_1_401' title='bbox 127 2501 170 2513; x_wconf 91' lang='lat'><strong><em>=</em></strong></span> <span class='ocrx_word' id='word_1_402' title='bbox 188 2488 363 2528; x_wconf 81' lang='lat' dir='ltr'>punietur</span> <span class='ocrx_word' id='word_1_403' title='bbox 421 2495 460 2528; x_wconf 90' lang='lat'>14</span> <span class='ocrx_word' id='word_1_404' title='bbox 484 2498 525 2519; x_wconf 92' lang='lat' dir='ltr'>zu</span> <span class='ocrx_word' id='word_1_405' title='bbox 548 2499 634 2520; x_wconf 80' lang='lat' dir='ltr'>cura</span> <span class='ocrx_word' id='word_1_406' title='bbox 661 2492 732 2532; x_wconf 79' lang='lat' dir='ltr'>egit</span> <span class='ocrx_word' id='word_1_407' title='bbox 754 2499 780 2520; x_wconf 89' lang='lat' dir='ltr'>s.</span> <span class='ocrx_word' id='word_1_408' title='bbox 805 2489 851 2520; x_wconf 88' lang='lat' dir='ltr'>Di</span> <span class='ocrx_word' id='word_1_409' title='bbox 883 2499 908 2520; x_wconf 85' lang='lat' dir='ltr'>s.</span> <span class='ocrx_word' id='word_1_410' title='bbox 935 2490 999 2520; x_wconf 92' lang='lat'>208</span> <span class='ocrx_word' id='word_1_411' title='bbox 1013 2490 1042 2521; x_wconf 80' lang='lat' dir='ltr'>ff</span> <span class='ocrx_word' id='word_1_412' title='bbox 1182 2499 1269 2521; x_wconf 77' lang='lat'><strong>1210</strong></span> <span class='ocrx_word' id='word_1_413' title='bbox 1300 2489 1377 2521; x_wconf 91' lang='lat' dir='ltr'>CIL</span> <span class='ocrx_word' id='word_1_414' title='bbox 1405 2490 1462 2520; x_wconf 89' lang='lat' dir='ltr'>XI</span> <span class='ocrx_word' id='word_1_415' title='bbox 1495 2488 1559 2528; x_wconf 86' lang='lat'>987</span> 
     </span>
     <span class='ocr_line' id='line_1_42' title="bbox 127 2532 1561 2577; baseline 0.002 -15"><span class='ocrx_word' id='word_1_416' title='bbox 127 2532 287 2573; x_wconf 87' lang='lat' dir='ltr'>(Regium</span> <span class='ocrx_word' id='word_1_417' title='bbox 312 2532 490 2573; x_wconf 88' lang='lat' dir='ltr'>Lepidum)</span> <span class='ocrx_word' id='word_1_418' title='bbox 579 2543 660 2565; x_wconf 78' lang='lat'>12¹1</span> <span class='ocrx_word' id='word_1_419' title='bbox 691 2535 767 2566; x_wconf 92' lang='lat' dir='ltr'>CIL</span> <span class='ocrx_word' id='word_1_420' title='bbox 792 2535 830 2565; x_wconf 88' lang='lat' dir='ltr'><strong>X</strong></span> <span class='ocrx_word' id='word_1_421' title='bbox 857 2533 944 2575; x_wconf 85' lang='lat'><strong>2496</strong></span> <span class='ocrx_word' id='word_1_422' title='bbox 969 2535 1029 2566; x_wconf 68' lang='grc' dir='ltr'>(ΣΕ</span> <span class='ocrx_word' id='word_1_423' title='bbox 1054 2534 1118 2576; x_wconf 86' lang='lat'>613</span> <span class='ocrx_word' id='word_1_424' title='bbox 1144 2534 1213 2577; x_wconf 89' lang='lat' dir='ltr'>(bei</span> <span class='ocrx_word' id='word_1_425' title='bbox 1236 2535 1383 2575; x_wconf 85' lang='lat' dir='ltr'>Puteoli)</span> <span class='ocrx_word' id='word_1_426' title='bbox 1434 2543 1451 2565; x_wconf 92' lang='lat'><strong>2</strong></span> <span class='ocrx_word' id='word_1_427' title='bbox 1476 2537 1561 2566; x_wconf 83' lang='lat' dir='ltr'>ami-</span> 
     </span>
     <span class='ocr_line' id='line_1_43' title="bbox 123 2577 1560 2620; baseline 0.001 -11"><span class='ocrx_word' id='word_1_428' title='bbox 123 2582 246 2609; x_wconf 82' lang='lat' dir='ltr'>serant</span> <span class='ocrx_word' id='word_1_429' title='bbox 267 2577 331 2609; x_wconf 88' lang='lat' dir='ltr'>wie</span> <span class='ocrx_word' id='word_1_430' title='bbox 357 2578 416 2610; x_wconf 92' lang='lat' dir='ltr'>CE</span> <span class='ocrx_word' id='word_1_431' title='bbox 442 2577 518 2618; x_wconf 82' lang='lat'>629,</span> <span class='ocrx_word' id='word_1_432' title='bbox 544 2586 562 2619; x_wconf 88' lang='lat'>3</span> <span class='ocrx_word' id='word_1_433' title='bbox 619 2587 637 2619; x_wconf 91' lang='lat'>3</span> <span class='ocrx_word' id='word_1_434' title='bbox 663 2582 778 2611; x_wconf 84' lang='lat' dir='ltr'>dolore</span> <span class='ocrx_word' id='word_1_435' title='bbox 826 2586 842 2620; x_wconf 88' lang='lat'>5</span> <span class='ocrx_word' id='word_1_436' title='bbox 876 2590 917 2611; x_wconf 89' lang='lat' dir='ltr'>zu</span> <span class='ocrx_word' id='word_1_437' title='bbox 949 2582 1107 2613; x_wconf 83' lang='lat' dir='ltr'>relictum</span> <span class='ocrx_word' id='word_1_438' title='bbox 1138 2585 1187 2612; x_wconf 82' lang='lat' dir='ltr'>est</span> <span class='ocrx_word' id='word_1_439' title='bbox 1211 2595 1253 2607; x_wconf 90' lang='lat'><strong><em>=</em></strong></span> <span class='ocrx_word' id='word_1_440' title='bbox 1278 2582 1435 2612; x_wconf 68' lang='lat' dir='ltr'>relictus!</span> <span class='ocrx_word' id='word_1_441' title='bbox 1463 2590 1488 2611; x_wconf 92' lang='lat' dir='ltr'>s.</span> <span class='ocrx_word' id='word_1_442' title='bbox 1514 2580 1560 2611; x_wconf 91' lang='lat' dir='ltr'>Di</span> 
     </span>
     <span class='ocr_line' id='line_1_44' title="bbox 125 2622 671 2666; baseline 0.004 -12"><span class='ocrx_word' id='word_1_443' title='bbox 125 2633 151 2655; x_wconf 87' lang='lat' dir='ltr'>s.</span> <span class='ocrx_word' id='word_1_444' title='bbox 180 2622 252 2654; x_wconf 88' lang='lat'>118.</span> <span class='ocrx_word' id='word_1_445' title='bbox 301 2622 387 2655; x_wconf 92' lang='lat' dir='ltr'>doch</span> <span class='ocrx_word' id='word_1_446' title='bbox 411 2623 475 2665; x_wconf 86' lang='lat' dir='ltr'>vgl.</span> <span class='ocrx_word' id='word_1_447' title='bbox 501 2634 560 2655; x_wconf 90' lang='lat' dir='ltr'>nro</span> <span class='ocrx_word' id='word_1_448' title='bbox 588 2624 671 2666; x_wconf 86' lang='lat'>1458</span> 
     </span>
    </p>
   </div>
  </div>
 </body>
</html>
