1722 2846
187 155 265 198 154
607 151 691 176 KAP.
715 151 785 176 Vm
808 141 971 176 offizielle
989 143 1195 177 dokumente

147 260 338 310 striump.
371 260 471 311 Aug.
504 266 543 298 et
572 260 604 297 F
607 260 628 298 l.
661 259 948 298 Constantinus
982 256 998 313 ΙΙ
1032 266 1071 298 et
1101 260 1132 298 F
1135 261 1157 298 l.
1189 261 1261 299 Iul.
1293 261 1551 300 Constantius
1583 267 1622 300 et

179 317 211 354 F
213 317 236 355 1.
264 314 269 371 Ι
297 317 509 356 Constans,
538 319 542 366 Ι
570 317 707 355 omnia
738 317 912 367 quidem,
953 329 1058 367 quae
1099 318 1265 356 humani
1298 314 1466 369 genelris
1496 319 1621 357 socie-

179 379 260 413 tate
309 380 490 421 tuentur,
545 374 792 424 pervigilium
841 371 971 428 culrae
1021 375 1261 425 cogitatione
1310 376 1619 426 complectimur.

130 447 163 466 10
179 432 252 470 sed
281 427 577 485 proflvisionum
607 437 832 469 nostrarum
863 443 965 481 opus
995 432 1192 470 maximus
1215 429 1219 486 Ι
1239 438 1308 479 est,
1339 438 1383 470 ut
1412 433 1621 471 universae

179 489 309 535 urbes,
342 501 442 539 quas
471 489 512 526 in
543 488 758 526 luminibus
788 485 1092 541 provinlciarum
1117 489 1194 527 hac
1213 490 1420 540 regionum
1442 490 1621 528 omnium

180 546 333 596 species
373 552 414 584 et
452 547 581 583 forma
611 541 891 599 disltinguitur,
922 557 1007 583 non
1037 547 1162 584 modo
1193 547 1385 596 dignitate
1414 547 1620 597 pn‘stinam

129 617 160 645 15
178 608 354 649 teneant,
382 599 389 655 Ι
415 604 487 641 sed
518 603 639 640 etiam
658 603 711 640 ad
732 602 939 640 meliorem
960 608 1107 640 statum
1127 604 1419 642 beneficentiae
1438 600 1622 657 noslltrae

179 672 346 698 munere
375 661 630 710 probeantur.
689 672 781 697 cum
820 659 936 709 igitur
975 660 1029 697 ita
1068 672 1139 698 vos
1170 657 1354 714 Tuscilae
1387 661 1622 699 adsereretis

181 728 269 755 esse
307 717 554 762 coniunctos,
594 722 638 754 ut
676 717 856 754 instituto
884 717 888 762 Ι
916 717 1218 755 consuetudinis
1257 718 1410 767 priscae
1439 730 1512 768 per
1540 718 1619 756 sin—

178 774 292 824 gulos
331 786 531 812 annorum
571 770 689 825 vilces
730 785 755 811 a
795 773 908 811 vobis
951 769 1121 827 [a]dque
1150 774 1363 824 praedictis
1393 775 1621 813 sacerdotes

127 846 162 864 20
179 837 371 877 creentur,
410 832 413 879 Ι
451 831 519 881 qui
558 836 656 880 aput
685 830 887 868 Vulsinios
918 830 1089 869 Tusciae
1129 831 1288 869 civitate
1313 832 1429 870 ludos
1450 828 1476 884 ΙἸ
1507 831 1620 870 sche-

179 888 290 927 nicos
331 894 370 926 et
408 888 674 938 gladiatorum
713 900 857 926 munus
898 888 1124 935 exhibeant,
1161 885 1166 941 Ι
1193 889 1266 926 sed
1305 895 1469 939 propter
1497 889 1622 927 ardua

179 945 377 983 montium
408 951 448 983 et
478 945 729 983 difficultates
749 940 946 998 itiflnerum
977 946 1153 984 saltuosa
1181 945 1375 995 inpendio
1395 946 1621 996 posceretis,

179 1007 223 1039 ut
252 1002 408 1040 indulto
437 1000 441 1055 Ι
468 1002 650 1040 remedio
680 1002 879 1040 sacerdoti
904 1007 1035 1040 vestro
1057 1003 1110 1040 ob
1133 1002 1328 1041 editiones
1350 999 1621 1056 celelbrandas

129 1072 163 1100 25
179 1058 383 1098 Vulsinios
423 1072 590 1110 pergere
619 1071 786 1097 necesse
815 1071 899 1097 non
930 1065 1044 1106 esset,
1080 1055 1095 1113 ΙΙ
1122 1059 1271 1097 scilicet
1299 1065 1342 1097 ut
1372 1060 1528 1106 civitati,
1559 1061 1621 1099 cui

178 1128 287 1154 nunc
328 1116 556 1167 Hispellum
595 1128 747 1154 nomen
774 1113 778 1168 Ι
806 1122 866 1154 est
905 1127 1109 1166 quamque
1139 1116 1359 1155 Flaminiae
1397 1117 1485 1156 viae
1525 1129 1620 1156 con-

179 1173 304 1212 finem
325 1175 460 1224 adque
481 1170 724 1227 conltinuam
746 1185 834 1211 esse
855 1174 1095 1219 memoratis,
1126 1174 1179 1212 de
1198 1179 1335 1212 nostro
1356 1175 1596 1224 cognomine
1614 1171 1618 1228 Ι

179 1243 331 1269 nomen
352 1232 550 1276 daremus,
575 1231 617 1268 in
638 1243 718 1280 qua
738 1231 932 1280 templum
954 1231 1115 1268 Flaviae
1134 1231 1263 1281 gentis
1291 1228 1296 1282 Ι
1323 1243 1446 1281 opere
1466 1232 1619 1282 magni-

128 1303 162 1330 30
179 1288 258 1325 fico
307 1289 493 1325 nimirum
533 1300 606 1338 pro
646 1288 952 1338 amplitudinem
993 1285 1008 1340 ΙΙ
1048 1288 1356 1338 nuncupationis
1401 1300 1620 1339 exsurgere,

177 1344 411 1395 ibidemque
441 1345 502 1383 his
530 1342 534 1398 Ι
562 1346 762 1391 sacerdos,
798 1357 920 1394 quem
949 1346 1220 1383 anniversaria
1239 1346 1326 1383 vice
1347 1345 1517 1383 Umbria
1537 1344 1617 1399 ἀεὶ-Ι

178 1401 311 1448 disset,
343 1402 615 1452 spectaculum
645 1408 729 1439 tam
759 1402 1007 1440 scenicorum
1031 1403 1216 1440 ludorum
1235 1399 1239 1456 Ι
1259 1414 1381 1452 quam
1400 1403 1622 1453 gladiatorii

178 1459 353 1497 muneris
394 1459 594 1505 exhibere,
629 1464 820 1497 manente
846 1457 852 1511 Ι
879 1471 950 1508 per
980 1459 1127 1497 Tuscia
1158 1471 1205 1497 ea
1235 1460 1538 1508 consuetudine,
1577 1467 1621 1498 ut

127 1531 160 1559 3⁵
178 1516 361 1554 indidem
403 1512 581 1569 crellatus
624 1517 811 1554 sacerdos
853 1522 951 1566 aput
992 1516 1195 1554 Vulsinios
1237 1522 1282 1554 ut
1321 1516 1477 1555 solebat
1503 1516 1507 1567 Ι
1536 1517 1619 1555 edi-

177 1573 332 1610 tionum
372 1574 663 1612 antedictarum
703 1573 928 1623 spectacula
967 1569 1254 1625 frelquentare:
1295 1574 1515 1623 precationi
1544 1574 1620 1612 hac

177 1630 377 1668 desiderio
408 1636 540 1668 vestro
564 1627 568 1683 Ι
592 1630 714 1668 facilis
754 1630 919 1668 accessit
949 1636 1086 1668 noster
1115 1631 1319 1668 adsensus.
1379 1643 1475 1668 nam
1515 1627 1617 1684 civi-1

126 1704 160 1730 40
176 1687 247 1725 tati
278 1688 463 1737 Hispello
494 1693 704 1725 aeternum
734 1688 974 1725 vocabulum
1005 1699 1195 1737 nomenq.
1219 1684 1234 1741 ΙΙ
1256 1688 1532 1726 venerandum
1568 1688 1620 1726 de

175 1750 313 1782 nostra
337 1745 641 1795 nuncupatione
661 1741 954 1798 conceslsimus,
986 1744 1134 1782 scilicet
1154 1750 1197 1782 ut
1217 1745 1257 1782 in
1277 1750 1482 1794 posterum
1502 1757 1618 1795 prae-

177 1802 285 1839 dicta
304 1803 399 1840 urbs
426 1799 431 1853 Ι
459 1802 594 1839 Flavia
615 1801 815 1840 Constans
847 1807 1030 1850 vocetur3
1061 1802 1104 1839 in
1135 1802 1244 1839 cuius
1264 1802 1414 1852 gremio
1443 1805 1447 1850 Ι
1473 1803 1618 1840 aedem

177 1870 342 1908 quoque
372 1859 542 1904 Flaviae,
574 1859 653 1896 hoc
684 1864 743 1896 est
763 1864 924 1896 nostrae
943 1854 1095 1911 genltis,
1125 1865 1169 1896 ut
1189 1859 1434 1905 desideratis,
1466 1860 1617 1910 magni—

124 1931 157 1958 45
175 1916 254 1954 fico
295 1928 418 1966 opere
457 1916 595 1965 perfici
625 1913 638 1964 ΙΙ
673 1916 867 1961 volumus,
909 1927 958 1954 ea
998 1916 1276 1954 observatione
1309 1916 1536 1966 perscripta,
1567 1929 1618 1954 ne

175 1968 297 2026 aefdis
339 1978 478 2011 nostro
519 1973 675 2011 nomini
714 1972 898 2010 dedicata
940 1973 1176 2022 cuiusquam
1207 1969 1449 2026 conltagiose
1479 1985 1616 2022 super-

175 2030 343 2068 stitionis
384 2031 589 2068 fraudibus
630 2030 850 2080 polluatur;
879 2026 884 2081 Ι
911 2036 1206 2079 consequenter
1246 2030 1366 2067 etiam
1396 2030 1617 2068 editionum

124 2103 158 2129 50
175 2087 215 2124 in
245 2083 462 2141 praeldicta
493 2087 650 2125 civitate
672 2087 992 2125 exhibendorum
1014 2087 1128 2124 vobis
1151 2083 1167 2139 ΙΙ
1191 2086 1390 2124 licentiam
1413 2087 1616 2135 dedimus;

174 2144 323 2182 scilicet
353 2150 406 2189 ut,
437 2144 550 2182 sicuti
577 2141 581 2196 Ι
609 2144 759 2182 dictum
792 2150 860 2189 est,
901 2156 974 2193 per
1003 2144 1108 2181 vices
1138 2144 1329 2193 temporis
1360 2140 1616 2197 sollem'nitas

176 2201 397 2238 editionum
418 2201 621 2239 Vulsinios
643 2213 807 2250 quoque
828 2212 912 2238 non
933 2197 1112 2254 de}serat‚
1143 2201 1210 2237 ubi
1232 2196 1407 2254 ereati[s]
1431 2213 1453 2238 e
1473 2201 1617 2239 Tuscia

174 2258 448 2295 sacerdotibus
492 2254 726 2311 memolrata
756 2258 962 2296 celebritas
995 2258 1222 2295 exhibenda
1253 2263 1323 2295 est.
1382 2258 1437 2295 ita
1467 2259 1617 2308 quippe

124 2330 156 2356 55
174 2327 248 2352 nec
281 2311 296 2368 ΙΙ
330 2315 528 2352 veteribus
561 2315 746 2353 institutis
776 2315 989 2364 plurimum
1029 2315 1228 2352 videbitur
1255 2311 1258 2366 Ι
1286 2313 1532 2365 derogatum,
1578 2321 1617 2353 et

174 2383 256 2418 vos,
297 2371 365 2421 qui
405 2373 458 2409 ob
489 2372 714 2421 praedictas
744 2384 883 2409 causas
910 2373 914 2421 Ι
942 2372 1058 2410 nobis
1099 2372 1297 2421 supplices
1338 2371 1528 2418 extitistis,
1569 2384 1616 2410 ea

175 2441 279 2478 quae
309 2425 513 2482 inpenldio
543 2429 782 2478 postulastis,
819 2429 1029 2478 impetrata
1060 2440 1146 2466 esse
1175 2425 1410 2482 gaudelbitis

174 2541 226 2572 8f
249 2551 326 2572 man
351 2551 429 2573 erw.
454 2553 623 2574 curarum
675 2543 743 2573 12f
766 2547 848 2574 statt
871 2545 1061 2585 distinguit
1110 2550 1147 2584 15
1161 2543 1408 2584 provehantur
1455 2542 1523 2573 21f
1546 2547 1616 2573 ent-

173 2587 287 2619 weder
318 2588 546 2631 dzfficultates
580 2590 747 2620 itinerum
780 2588 862 2620 oder
893 2591 1061 2620 itinerum
1085 2590 1237 2620 saltuosa
1285 2596 1328 2628 30
1355 2591 1558 2630 exsurgeret
1588 2590 1615 2619 is

174 2640 215 2672 33
241 2634 415 2665 exhiberet
460 2640 501 2675 35
517 2634 531 2664 f
550 2635 796 2676 frequentaret
